=LDR  00000cam a2200385Ia 4500
=001  99153685411303941
=008  030116s1927\\\\mnua\\\\\\\\\\000\0\eng\d
=035  \\$a(OCoLC)51456921
=040  \\$aMHS$beng$cMHS$dOCLCQ$dOCLCF$dOCLCQ$dOCLCO
=043  \\$an-us-mn
=050  \4$aTS2145$b.D38 1927
=052  \\$a4144$bM3
=100  1\$aDavey, George W.
=245  10$aMother Hubbard and the fairies :$ba story /$c[by George W. Davey].
=260  \\$aMankato, Minn. :$bHubbard Milling Co.,$c©1927.
=300  \\$a16 unnumbered pages :$billustrations ;$c20 cm
=336  \\$atext$btxt$2rdacontent
=337  \\$aunmediated$bn$2rdamedia
=338  \\$avolume$bnc$2rdacarrier
=500  \\$aCover title.
=650  \0$aFlour.
=650  \0$aBread.
=650  \2$aFlour
=650  \2$aBread
=650  \6$aFarine.
=650  \6$aPain.
=650  \7$abread.$2aat
=650  \7$aBread.$2fast$0(OCoLC)fst01198482
=650  \7$aFlour.$2fast$0(OCoLC)fst00927722
=610  20$aHubbard Milling Company.
=610  27$aHubbard Milling Company.$2fast$0(OCoLC)fst00526413
=710  2\$aHubbard Milling Company.
=911  \\$a285.25200..473336.580471.0000.00000
=991  \\$b2022-04-06$cWorldCat record variable field(s) change: 650

