=LDR  00000cam a2200505Ii 4500
=001  99153728308903941
=008  000804t19531948nyu\\\\\\\\\\\001\0\eng\d
=035  \\$a(OCoLC)44721361
=040  \\$aNDD$beng$erda$cNDD$dKLG$dOCLCF$dOCLCO$dOCLCQ$dOCLCO$dOCLCQ$dOCLCO$dEEM$dOCLCO$dOCLCA$dOCLCO
=050  14$aRG121$b.D38 1953
=100  1\$aDavis, Maxine,$eauthor.
=245  10$aWoman's medical problems /$cMaxine Davis ; with an introduction by Dr. Fred Adair.
=250  \\$aPocket book edition.
=264  \1$aNew York :$bPocket Books, Inc.,$c1953.
=264  \4$c©1948
=300  \\$axiv, 178 pages ;$c16 cm.
=336  \\$atext$btxt$2rdacontent
=337  \\$aunmediated$bn$2rdamedia
=338  \\$avolume$bnc$2rdacarrier
=490  1\$aPocket book ;$v957
=505  0\$aForeword -- Preview -- Menstruation -- Pregnancy -- Complications of pregnancy -- Miscarriage -- Abortion -- Childbirth -- Caesarian births -- Convalescence from pregnancy -- Contraception -- Infertility -- Women's diseases -- Hysterectomy -- Anesthesia -- Convalescence from surgery -- Your thyroid -- Cancer -- Menopause -- Ovary trouble -- Women at work - conclusions -- Index.
=500  \\$aIncludes index.
=650  \0$aGynecology$vPopular works.
=650  \0$aWomen$xDiseases.
=650  \0$aPregnancy.
=650  \0$aWomen$xHealth and hygiene.
=650  \0$aGynecology.
=650  \2$aGynecology
=650  \2$aPregnancy
=650  \6$aGynécologie$vOuvrages de vulgarisation.
=650  \6$aFemmes$xMaladies.
=650  \6$aGrossesse.
=650  \6$aGynécologie.
=650  \7$apregnancy.$2aat
=650  \7$aGynecology.$2fast$0(OCoLC)fst00949684
=650  \7$aPregnancy.$2fast$0(OCoLC)fst01075102
=650  \7$aWomen$xDiseases.$2fast$0(OCoLC)fst01176639
=650  \7$aWomen$xHealth and hygiene.$2fast$0(OCoLC)fst01176758
=655  \2$aPopular Work
=655  \7$aPopular works.$2fast$0(OCoLC)fst01423846
=710  2\$aCenter for Women's History and Culture.$5NcD
=700  1\$aAdair, Fred Lyman,$d1877-1972,$eauthor of introduction.
=830  \0$aPocket book ;$v957.
=991  \\$b2022-04-06$cWorldCat record variable field(s) change: 650

