=LDR  00000cam a2200757 a 4500
=001  99153771874003941
=008  980827s1998\\\\sp\a\\\\\bkq\\001\0dspa\\
=010  \\$a   98189139 
=020  \\$a8488020139
=020  \\$a9788488020130
=035  \\$a(OCoLC)40061564$z(OCoLC)39392850
=040  \\$aDLC$beng$cDLC$dPL#$dI5B$dDEBBG$dOCLCF$dOCLCQ$dOCLCA$dSLR$dOCL$dOCLCA$dOCLCO$dOCLCA$dOCLCO
=043  \\$an-us---
=050  00$aNX512.3.A35$bS46 1998
=084  \\$aLB 23610$2rvk
=100  1\$aSentís, Mireia.
=245  10$aEn el pico del águila :$buna introducción a la cultura afroamericana /$cMireia Sentís ; conversaciones con Amiri Baraka (LeRoi Jones) [and others].
=260  \\$aMadrid :$bArdora Ediciones,$c1998.
=300  \\$a361 pages :$billustrations ;$c20 cm
=336  \\$atext$btxt$2rdacontent
=337  \\$aunmediated$bn$2rdamedia
=338  \\$avolume$bnc$2rdacarrier
=504  \\$aIncludes filmography, discography, and bibliographical references (pages 341-350), and index.
=505  0\$aAmiri Baraka -- Gordon Parks -- Quincy Troupe -- June Jordan -- Ishmael Reed -- Oliver Jackson -- Eric Priestley -- Angela Davis -- Terry McMillan -- Rita Dove -- Steve Cannon -- bell hooks -- Melvin Van Peebles -- Cornel West -- Sonny Rollins -- Walter Mosley -- Índice onomástico y biobibliográ́́fico. Quién es quién en la cultura afroamericana -- Cronología -- Bibliografía autores entrevistados -- Bibliografía de consulta y direcciones en Internet -- Bibliografía general en castellano.
=650  \0$aAfrican American artists$vInterviews.
=650  \0$aAfrican American authors$vInterviews.
=650  \0$aAfrican American intellectuals$vInterviews.
=650  \0$aAfrican American poets$vInterviews.
=650  \0$aAfrican American arts.
=650  \6$aArtistes noirs américains$vEntretiens.
=650  \6$aÉcrivains noirs américains$vEntretiens.
=650  \6$aIntellectuels noirs américains$vEntretiens.
=650  \6$aPoètes noirs américains$vEntretiens.
=650  \6$aArts noirs américains.
=650  \7$aAfrican American poets.$2fast$0(OCoLC)fst00799304
=650  \7$aAfrican American intellectuals.$2fast$0(OCoLC)fst00799204
=650  \7$aAfrican American authors.$2fast$0(OCoLC)fst00799028
=650  \7$aAfrican American artists.$2fast$0(OCoLC)fst00799017
=650  \7$aAfrican American arts.$2fast$0(OCoLC)fst00799021
=653  \\$aAutores afroamericanos (Estados Unidos)$aEntrevistas.
=653  \\$aArtistas afroamericanos (Estados Unidos)$aEntrevistas.
=655  \2$aInterview
=655  \7$ainterviews.$2aat
=655  \7$aInterviews.$2fast$0(OCoLC)fst01423832
=655  \7$aInterviews.$2lcgft
=655  \7$aInterviews.$2rvmgf
=700  1\$aDavis, Angela Y.$q(Angela Yvonne),$d1944-$eformer owner.$5sch
=700  1\$aBaraka, Amiri,$d1934-2014.
=700  1\$aParks, Gordon,$d1912-2006.
=700  1\$aTroupe, Quincy.
=700  1\$aJordan, June,$d1936-2002.
=700  1\$aReed, Ishmael,$d1938-
=700  1\$aJackson, Oliver Lee.
=700  1\$aPriestley, Eric,$d1943-
=700  1\$aDavis, Angela Y.$q(Angela Yvonne),$d1944-
=700  1\$aMcMillan, Terry.
=700  1\$aDove, Rita.
=700  1\$aCannon, Steve,$d1935-2019.
=700  1\$ahooks, bell,$d1952-2021.
=700  1\$aVan Peebles, Melvin,$d1932-2021.
=700  1\$aWest, Cornel.
=700  1\$aRollins, Sonny.
=700  1\$aMosley, Walter.
=991  \\$b2022-01-17$cWorldCat record variable field(s) change: 700
=991  \\$b2022-04-06$cWorldCat record variable field(s) change: 655

