=LDR  00000cjm a2200769Ia 4500
=001  99153781301803941
=007  sd\fungnnmmned
=008  991105s1999\\\\enkzznn\\fhi\\\\\\n\zxx\d
=024  1\$a760452010827
=028  02$aNRCD 0108$bNavras
=033  00$a199809--$b7654$cN4
=035  \\$a(OCoLC)54742907$z(OCoLC)223327050
=040  \\$aPUL$beng$cPUL$dOCLCQ$dOCLCG$dAU@$dOCLCA$dOCLCF$dOCL$dOCLCO$dOCLCQ$dOCLCA$dHMU$dOCL$dOCLCO
=043  \\$aa-ii---
=082  04$a781.6291411$221
=100  1\$aKhan, Ayaan Ali,$d1979-
=245  10$aDebut release :$braga Bageshwari /$cAyaan Ali Bangash.
=246  3\$aRaga Bageshwari
=246  33$aAyaan Ali Bangash
=260  \\$aLondon :$bNavras,$c©℗1999.
=300  \\$a1 audio disc (56 min.) :$bdigital ;$c4 3/4 in.
=306  \\$a005558
=336  \\$aperformed music$bprm$2rdacontent
=337  \\$aaudio$bs$2rdamedia
=338  \\$aaudio disc$bsd$2rdacarrier
=340  \\$b4 3/4 in.
=344  \\$adigital$2rdatr
=344  \\$boptical$2rdarm
=344  \\$c1.4 m/s
=347  \\$aaudio file$2rdaft
=347  \\$bCD audio
=370  \\$gIndia$2naf
=382  01$asarod$n1$atabla$n1$s2$2lcmpt
=505  0\$aRaga Bageshwari. Alap, jor, jhala (27:54) ; Gat in rupak tal (18:60) ; Gat in teental (9:05).
=511  0\$aAyaan Ali Bangash, sarod; Ustad Shafaat Ahmad Khan, tabla.
=518  \\$oRecorded at$pStudio Synthesis, New Delhi$dSept. 1998.
=500  \\$aTitle from disc label.
=500  \\$aCompact disc.
=500  \\$aBiographical and program notes ([6] p.) inserted in container.
=650  \0$aSarod music$zIndia.
=650  \0$aSarod and tabla music.
=650  \0$aRagas$zIndia.
=650  \0$aHindustani music$zIndia.
=650  \6$aSarode, Musique de$zInde.
=650  \6$aSarode et tablā, Musique de.
=650  \6$aRāga (Compositions musicales)$zInde.
=650  \6$aMusique hindoustani$zInde.
=650  \7$aSarod music.$2fast$0(OCoLC)fst01105569
=650  \7$aHindustani music.$2fast$0(OCoLC)fst00957200
=650  \7$aMusic$2fast$0(OCoLC)fst01030269
=650  \7$aRagas.$2fast$0(OCoLC)fst01088507
=650  \7$aSarod and tabla music.$2fast$0(OCoLC)fst01105568
=651  \7$aIndia.$2fast$0(OCoLC)fst01210276
=655  \7$aRagas.$2fast$0(OCoLC)fst01920425
=655  \7$aHindustani music.$2fast$0(OCoLC)fst01920181
=655  \7$aArt music.$2fast$0(OCoLC)fst01920007
=655  \7$aArt music.$2lcgft
=655  \7$aRagas.$2lcgft
=655  \7$aHindustani music.$2lcgft
=655  \7$aMusique savante.$2rvmgf
=655  \7$aRāgas.$2rvmgf
=655  \7$aMusique hindoustanie.$2rvmgf
=710  2\$aBrian Q. Silver Collection.$5mus
=730  02$aBageshwari.
=700  1\$aKhan, Shafaat Ahmed,$d1954-2005.
=991  \\$b2022-04-06$cWorldCat record variable field(s) change: 655

