=LDR  00000cam a2200589 a 4500
=001  99155658816303941
=008  910729s1977\\\\nyua\\\\\c\\\\000\0\eng\d
=035  \\$a(OCoLC)24146567$z(OCoLC)22133180
=040  \\$aEEM$beng$cEEM$dUIU$dOCLCQ$dOCLCO$dOCLCF$dOCLCA$dDDO$dOCLCO$dINU$dOCLCO$dOCL$dOCLCO
=043  \\$af------$apo-----$an-mx---$anc-----$as------$an-us-ny
=050  \4$aN5311$b.S696 1977
=082  04$a708.1$bF493$220
=110  2\$aSotheby Parke Bernet Inc.
=245  10$aFine African, Oceanic and pre-Columbian art :$bproperty of various owners including Jay C. Leff ... Mary McFadden ... Mr. and Mrs. Harold Rome ... Theodore O. Kingsbury .. : public auction, Friday, February 11, 1977 ...
=260  \\$aNew York :$bSotheby Parke Bernet Inc.,$c1977.
=300  \\$a80 unnumbered pages :$billustrations ;$c24 cm
=336  \\$atext$btxt$2rdacontent
=337  \\$aunmediated$bn$2rdamedia
=338  \\$avolume$bnc$2rdacarrier
=490  1\$aSale ;$v3951
=650  \0$aArt objects$xPrivate collections$zUnited States$vCatalogs.
=650  \0$aArt, African$vCatalogs.
=650  \0$aArt$zOceania$vCatalogs.
=650  \0$aIndian art$vCatalogs.
=650  \0$aIndians of Mexico$xAntiquities$vCatalogs.
=650  \0$aIndians of Central America$xAntiquities$vCatalogs.
=650  \0$aIndians of South America$xAntiquities$vCatalogs.
=650  \0$aArt auctions$zNew York (State)$zNew York$vCatalogs.
=650  \0$aArt objects, Primitive$vCatalogs.
=650  \6$aObjets d'art$xCollections privées$vCatalogues$zÉtats-Unis.
=650  \6$aArt africain$vCatalogues.
=650  \6$aArt$zOcéanie$vCatalogues.
=650  \6$aArt$xVente aux enchères$vCatalogues$zNew York (État)$zNew York.
=650  \7$aIndians of South America$xAntiquities.$2fast$0(OCoLC)fst00969969
=650  \7$aIndians of Mexico$xAntiquities.$2fast$0(OCoLC)fst00969517
=650  \7$aIndians of Central America$xAntiquities.$2fast$0(OCoLC)fst00969435
=650  \7$aIndian art.$2fast$0(OCoLC)fst00969029
=650  \7$aArt auctions.$2fast$0(OCoLC)fst00815465
=650  \7$aArt.$2fast$0(OCoLC)fst00815177
=650  \7$aArt, African.$2fast$0(OCoLC)fst00815861
=650  \7$aArt objects$xPrivate collections.$2fast$0(OCoLC)fst00815695
=651  \7$aNew York (State)$zNew York.$2fast$0(OCoLC)fst01204333
=651  \7$aOceania.$2fast$0(OCoLC)fst01242982
=651  \7$aUnited States.$2fast$0(OCoLC)fst01204155
=655  \7$aauction catalogs.$2aat
=655  \7$aAuction catalogs.$2fast$0(OCoLC)fst01986240
=655  \7$aCatalogs.$2fast$0(OCoLC)fst01423692
=655  \7$aAuction catalogs.$2lcgft
=655  \7$aCatalogues de vente aux enchères.$2rvmgf
=810  2\$aSotheby Parke Bernet Inc.$tCatalogue of sale (New York, N.Y.) ;$vsale no. 3951.
=991  \\$b2022-04-06$cWorldCat record variable field(s) change: 655

