=LDR  00000cam a2200589 a 4500
=001  99155753664303941
=008  040602m20049999ag\a\\\\\6\\\\000\0\eng\\
=010  \\$a  2004465146$z  2004465145
=020  \\$a9505157592$q(v. 1)
=020  \\$a9789505157594$q(v. 1)
=020  \\$a9505157606$q(v. 2)
=020  \\$a9789505157600$q(v. 2)
=020  \\$a9505157681$q(v. 3)
=020  \\$a9789505157686$q(v. 3)
=020  \\$a950515772X$q(v. 4)
=020  \\$a9789505157723$q(v. 4)
=020  \\$a9789505157808$q(v. 5)
=020  \\$a9505157800$q(v. 5)
=020  \\$a950515786X$q(v. 6)
=020  \\$a9789505157860$q(v. 6)
=020  \\$a9505157959$q(v. 7)
=020  \\$a9789505157952$q(v. 7)
=020  \\$a9505155166$q(v. 8)
=020  \\$a9789505155163$q(v. 8)
=020  \\$a9789505155170$q(v. 9)
=020  \\$a9505155174$q(v. 9)
=020  \\$a9505159072$q(v. 10)
=020  \\$a9789505159079$q(v. 10)
=020  \\$a9505159951$q(v. 11)
=020  \\$a9789505159956$q(v. 11)
=035  \\$a(OCoLC)56895006$z(OCoLC)58734707
=040  \\$aDLC$beng$cDLC$dBAKER$dDPL$dBTCTA$dYDXCP$dOCLCQ$dBDX$dOCLCQ$dOCLCF$dOCLCO$dOCL$dJDP$dOCLCO$dOCL$dUX0$dOCLCO
=041  1\$aeng$hspa
=042  \\$apcc
=050  00$aPN6790.A74$bM3513 2004
=082  04$a741.598
=100  0\$aQuino.
=240  10$aMafalda.$lEnglish
=245  10$aMafalda & friends /$cQuino.
=246  3\$aMafalda and friends
=260  \\$aBuenos Aires :$bEdiciones de la Flor,$c2004-<c2006>
=300  \\$avolumes <1-11> :$bchiefly illustrations ;$c14 x 20 cm
=336  \\$atext$btxt$2rdacontent
=337  \\$aunmediated$bn$2rdamedia
=338  \\$avolume$bnc$2rdacarrier
=650  \0$aComic books, strips, etc.
=650  \7$aComic books, strips, etc.$2fast$0(OCoLC)fst00869145
=655  \7$aComics (Graphic works)$2fast$0(OCoLC)fst01921613
=655  \7$aComics (Graphic works)$2lcgft
=655  \7$aBandes dessinées.$2rvmgf
=991  \\$b2022-04-06$cWorldCat record variable field(s) change: 655

