=LDR  00000cam a2200637 i 4500
=001  99155913749603941
=008  040603t20032003nyu\\\\\\\\\\\000\j\eng\d
=010  \\$a  2004299981
=020  \\$a0758205694$q(pbk.)
=020  \\$a9780758205698$q(pbk.)
=020  \\$a0739438956
=020  \\$a9780739438954
=035  \\$a(OCoLC)58457862$z(OCoLC)53092077$z(OCoLC)429397984$z(OCoLC)858039581$z(OCoLC)1290180761
=040  \\$aIMD$beng$erda$cDLC$dIMD$dBAKER$dBTCTA$dVP@$dKYL$dAZFX8$dO2H$dBDX$dOCLCF$dOCL$dOCLCQ$dOCL$dTDS$dOCLCO$dOCL$dOCLCQ$dOCLCO$dMLM$dLD4$dOCLCO$dSMDRL$dOCL$dJTB$dOCLCO$dHUL
=042  \\$alccopycat
=050  00$aPS648.E7$bJ56 2003
=082  04$a813/.01083538$222
=245  00$aJingle bell rock /$cLori Foster, Janelle Denison, Susan Donovan, Donna Kauffman, Alison Kent, Nancy Warren.
=264  \1$aNew York, NY :$bBrava/Kensington Publishing Corp.,$c[2003]
=264  \4$c©2003
=300  \\$a312 pages ;$c21 cm
=336  \\$atext$btxt$2rdacontent
=337  \\$aunmediated$bn$2rdamedia
=338  \\$avolume$bnc$2rdacarrier
=505  00$tHe sees you when you're sleeping /$rby Lori Foster --$tAll she wants for Christmas /$rby Janelle Denison --$tTurning up the heat /$rby Susan Donovan --$tBaby, it's cold outside /$rby Donna Kauffman --$tA blue Christmas /$rby Alison Kent --$tThe nutcracker sweet /$rby Nancy Warren.
=520  0\$aA decadent holiday collection of sensual stories features Lori Foster's He Sees You When You're Sleeping, in which Booker Dean shows his beautiful neighbor Frances Kennedy just how magic Christmas can be, and other works by Janelle Denison, Donna Kauffman, Alison Kent, Susan Donovan, and Nancy Warren. Original.
=650  \0$aErotic stories, American.
=650  \0$aRomance fiction, American.
=650  \0$aChristmas stories, American.
=650  \0$aAmerican fiction$xWomen authors.
=650  \0$aAmerican fiction$y20th century.
=650  \7$aAmerican fiction.$2fast$0(OCoLC)fst00807048
=650  \7$aAmerican fiction$xWomen authors.$2fast$0(OCoLC)fst00807099
=650  \7$aChristmas stories, American.$2fast$0(OCoLC)fst00859868
=650  \7$aErotic stories, American.$2fast$0(OCoLC)fst00914962
=650  \7$aRomance fiction, American.$2fast$0(OCoLC)fst01002993
=655  \0$aErotic stories.
=655  \7$aRomance fiction.$2lcgft
=655  \7$aShort stories.$2lcgft
=655  \7$aChristmas fiction.$2fast$0(OCoLC)fst01981983
=655  \7$aErotic fiction.$2fast$0(OCoLC)fst01726601
=655  \7$aRomance fiction.$2fast$0(OCoLC)fst01921732
=655  \7$aShort stories.$2fast$0(OCoLC)fst01726740
=655  \7$aErotic fiction.$2gsafd
=655  \7$aShort stories.$2gsafd
=655  \7$aErotic fiction.$2lcgft
=655  \7$aChristmas fiction.$2lcgft
=648  \7$a1900-1999$2fast
=700  1\$aFoster, Lori,$d1958-
=700  1\$aDenison, Janelle.
=700  1\$aDonovan, Susan.
=700  1\$aKauffman, Donna.
=700  1\$aKent, Alison.
=700  1\$aWarren, Nancy,$d1959-
=991  \\$b2022-04-06$cWorldCat record variable field(s) change: 505, 700

