=LDR  00000cam a22005294a 4500
=001  99155913758303941
=008  031024s2003\\\\onc\\\\\\b\\\\000\0\eng\\
=010  \\$a  2003501061
=015  \\$a20039044548$2can
=016  \\$a(AMICUS)000028424416
=016  \\$a20039044548
=020  \\$a1894663519
=020  \\$a9781894663519
=035  \\$a(OCoLC)52876427$z(OCoLC)827906532$z(OCoLC)978005140$z(OCoLC)1001903462$z(OCoLC)1016285480$z(OCoLC)1080746279$z(OCoLC)1081071039
=037  \\$bConsortium Book Sales & Dist, C/O Perseus Distribution 1094 Flex Dr, Jackson, TN, USA, 38301-5070$nSAN 631-760X
=040  \\$aDLC$beng$cDLC$dNLC$dBAKER$dBTCTA$dYDXCP$dIG#$dBDX$dOCLCF$dAU@$dOCLCQ$dCNUTO$dOCLCQ$dSFR$dMUX$dOCLCQ$dCWI$dGDC$dOCLCQ$dDGN$dOCLCO$dHUL
=042  \\$apcc
=050  00$aHQ23$b.M67 2003
=055  \3$aHQ23$bM67 2003
=082  00$a306.7/01/4$222
=084  \\$acci1icc$2lacc
=100  1\$aMorton, Mark Steven,$d1963-
=245  14$aThe lover's tongue :$ba merry romp through the language of love and sex /$cMark Morton.
=260  \\$aToronto :$bInsomniac Press,$c©2003.
=300  \\$a235 pages ;$c23 cm
=336  \\$atext$btxt$2rdacontent
=337  \\$aunmediated$bn$2rdamedia
=338  \\$avolume$bnc$2rdacarrier
=504  \\$aIncludes bibliographical references (pages 233-235).
=505  0\$aTable of Contents; Introduction: Tongues and Lovers; Chapter One: Shame on Me: Smut Words; Chapter Two: Bare Bodkins: Words for Nakedness; Chapter Three: The Grammar of Glamour: Words to Describe Physical Attractiveness, or Lack Thereof; Chapter Four: Ardor Veneris: Words of Love and Desire; Chapter Five: My Swete Hurle Bawsy: Terms of Endearment; Chapter Six: Studs, Jades and Bitches: Terms of Objectification; Chapter Seven: The Bawdy Body: Words for Body Parts Shared by Men and Women; Chapter Eight: The Long and the Short of It: Words for the Penis and its Attendant Parts.
=520  \\$aThis delightful book includes over 100 mini-essays explaining the origins and historical development of words in our language that pertain to love and sex. Do you know, for example, what a 78 is? Here's a hint: like the old 78 rpm records, the term refers to a man who is ... well, on the fast side! Diligently researched, The Lover's Tongue is written in a light-hearted style. A dictionary of a different kind, this book is the perfect gift for that special someone, or for the connoisseur of language and history in your life.
=650  \0$aSex$vTerminology.
=650  \0$aLove$vTerminology.
=650  \0$aEnglish language$xEtymology.
=650  \0$aEnglish language$vTerms and phrases.
=650  \6$aSexualité$vTerminologie.
=650  \6$aAmour$xTerminologie.
=650  \6$aAnglais (Langue)$xÉtymologie.
=650  \6$aAnglais (Langue)$vMots et locutions.
=650  \7$aEnglish language.$2fast$0(OCoLC)fst00910920
=650  \7$aEnglish language$xEtymology.$2fast$0(OCoLC)fst00911149
=650  \7$aLove.$2fast$0(OCoLC)fst01002769
=650  \7$aSex.$2fast$0(OCoLC)fst01114160
=655  \7$aTerminology.$2fast$0(OCoLC)fst01423880
=655  \7$aTerms and phrases.$2fast$0(OCoLC)fst01423862
=991  \\$b2022-04-06$cWorldCat record variable field(s) change: 655

