=LDR  00000cam a2200409 i 4500
=001  99155913759003941
=008  041029t20032003cau\\\\\\\\\\\000\j\eng\d
=010  \\$a  2004303882
=015  \\$aGBA3X6929$2bnb
=020  \\$a1573441678$q(pbk.)
=020  \\$a9781573441674$q(pbk.)
=035  \\$a(OCoLC)53193413$z(OCoLC)52055900
=040  \\$aOSU$beng$erda$cDLC$dOSU$dBAKER$dVP@$dBTCTA$dYDXCP$dUKM$dBDX$dOCLCF$dOCLCQ$dHUL
=042  \\$alccopycat
=050  00$aPS648.E7$bS943 2003
=082  00$a813/.01083538$222
=245  00$aSweet life 2 :$berotic fantasies for couples /$cedited by Violet Blue.
=246  3\$aSweet life two
=250  \\$aFirst edition.
=264  \1$aSan Francisco, California :$bCleis Preis$c[2003]
=264  \2$a[Berkeley, California] :$bDistributed by Publishers Group West
=264  \4$c©2003
=300  \\$axv, 257 pages ;$c23 cm
=336  \\$atext$btxt$2rdacontent
=337  \\$aunmediated$bn$2rdamedia
=338  \\$avolume$bnc$2rdacarrier
=650  \0$aErotic stories, American.
=650  \0$aCouples$vFiction.
=650  \0$aSexual fantasies$vFiction.
=650  \7$aCouples.$2fast$0(OCoLC)fst00881567
=650  \7$aErotic stories, American.$2fast$0(OCoLC)fst00914962
=655  \7$aFiction.$2fast$0(OCoLC)fst01423787
=655  \7$aErotic fiction.$2lcgft
=655  \7$aShort stories.$2lcgft
=700  1\$aBlue, Violet,$eeditor.
=991  \\$b2022-04-06$cWorldCat record variable field(s) change: 650, 655, 700

