=LDR  00000cam a2200325   4500
=001  990000840110203941
=008  950302s1968\\\\gw\\\\\\\m\\\\000\0\ger\d
=035  \\$a(OCoLC)32075554
=040  \\$aLWU$beng$cLWU$dGEBAY$dOCLCQ$dDEBBG$dOCLCQ$dOCLCO$dOCLCF$dOCLCO
=100  1\$aVasos, Georg.
=245  14$aDie Beziehungen zwischen Banken und Industrie in Griechenland.
=260  \\$a[Bamberg]$b[Aku-Fotodruck]$c1968.
=300  \\$aiv, 204 pages$c21 cm
=336  \\$atext$btxt$2rdacontent
=337  \\$aunmediated$bn$2rdamedia
=338  \\$avolume$bnc$2rdacarrier
=502  \\$cAlbert-Ludwigs-Universiẗat$d1968
=650  \7$aBank$2gnd
=650  \7$aIndustrie$2gnd
=651  \7$aGriechenland$2gnd
=655  \2$aAcademic Dissertation
=655  \7$aAcademic theses.$2fast$0(OCoLC)fst01726453
=655  \7$aAcademic theses.$2lcgft
=655  \7$aThèses et écrits académiques.$2rvmgf
=900  \\$a000084011
=901  4\$aAAJ0089
=903  \\$aMHAAJ00894HU
=914  \\$aNO-WORLDCAT
=991  \\$b2022-04-06$cWorldCat record variable field(s) change: 655

