=LDR  00000cam a22004331i 4500
=001  990020365200203941
=008  840106s1970\\\\sy\\\\\\\i\\\\000\0\ara\\
=010  \\$a   74204891 
=035  \\$a(OCoLC)28882056
=040  \\$aDLC$beng$erda$cDLC$dCUY$dUUM$dOCLCF$dIUL
=042  \\$apcc
=050  00$aBP135.A156$bB38
=066  \\$c(3
=100  1\$6880-01$aBayk, Ṣidqī Muḥammad,$d1936-$eauthor.
=880  1\$6100-01$aبيك، صدقي محمد،$d1936-$eauthor.
=245  13$6880-02$aal-Murshid ilá aḥādīth Sunan al-Tirmidhī :$bwa-huwa muʻjam li-jamīʻ al-aḥādīth ... /$ctaʼlīf Ṣidqī Muḥammad al-Bayk ; murājaʻat ʻIzzat ʻUbayd Daʻʻās.
=880  13$6245-02$aالمرشد إلى احاديث سنا الترمذي :$bوهو معجم لجميع الاحاديث ... /$cتأليف صدقي محمد البيك ؛ مراجعة عزة عبيد دععاس.
=264  \1$6880-03$aDimashq :$bTawzīʻ Dār al-Ghazzālī,$c[1970]
=880  \1$6264-03$aدمشق :$bتوزيع دار الغزالي،$c[1970]
=300  \\$a677 pages ;$c26 cm
=336  \\$atext$btxt$2rdacontent
=337  \\$aunmediated$bn$2rdamedia
=338  \\$avolume$bnc$2rdacarrier
=500  \\$aRomanized.
=650  \0$aHadith$vIndexes.
=650  \7$aHadith.$2fast$0(OCoLC)fst00950112
=630  07$aJāmiʻ al-ṣaḥīḥ (Tirmidhī, Muḥammad ibn ʻĪsá)$2fast$0(OCoLC)fst01368448
=600  10$6880-04$aTirmidhī, Muḥammad ibn ʻĪsá,$d-892.$tJāmiʻ al-ṣaḥīḥ$xIndexes.
=880  14$6600-04$aترمذي، محمد بن عيسى،$d-892.$tجامع الصحيح$xIndexes.
=655  \7$aIndexes.$2fast$0(OCoLC)fst01423761
=752  \\$aSyria$dDamascus.
=700  1\$6880-05$aTirmidhī, Muḥammad ibn ʻĪsá,$d-892.$tJāmiʻ al-ṣaḥīḥ.
=880  1\$6700-05$aترمذي، محمد بن عيسى،$d-892.$tجامع الصحيح.
=900  \\$a002036520
=901  0\$aAJY3115
=903  \\$aMHAJY31150HU
=905  \\$aBP^0135
=991  \\$b2022-04-06$cWorldCat record variable field(s) change: 050, 600, 700

