=LDR  00000cam a22003617a 4500
=001  990020481990203941
=008  880705q19801986jo\\\\\\\b\\\\000\0\ara\\
=010  \\$a   86963074 
=035  \\$a(OCoLC)26281169$z(OCoLC)48649934
=040  \\$aDLC$beng$cDLC$dUUM$dOCLCO$dOCLCF$dOCLCQ$dOCLCO
=050  \4$aBP165$b.M795
=245  00$aMuḥāḍarāt fī al-thaqāfah al-Islāmīyah.
=260  \\$a[Amman] :$bMudīrīyat al-Iftāʼ fī al-Qūwāt al-Musallaḥah al-Urdunīyah,$c[between 1980 and 1986]
=300  \\$a248 pages ;$c24 cm
=336  \\$atext$btxt$2rdacontent
=337  \\$aunmediated$bn$2rdamedia
=338  \\$avolume$bnc$2rdacarrier
=504  \\$aIncludes bibliographical references.
=650  \0$aIslam.
=650  \0$aIslamic civilization.
=650  \2$aIslam
=650  \6$aIslam.
=650  \7$aIslam.$2aat
=650  \7$aIslam.$2fast$0(OCoLC)fst00979776
=650  \7$aIslamic civilization.$2fast$0(OCoLC)fst01730294
=752  \\$aJordan$dAmman.
=710  1\$aJordan.$bQūwāt al-Musallaḥah.$bMudīrīyat al-Iftāʼ.
=900  \\$a002048199
=901  7\$aAJZ7817
=903  \\$aMHAJZ78177HU
=905  \\$aBP^0165
=991  \\$b2022-04-06$cWorldCat record variable field(s) change: 650

