=LDR  00000cam a2200289   4500
=001  990024118680203941
=008  000404s1913\\\\gw\\\\\\\\\\\\000\0\ger\d
=035  \\$a(OCoLC)43767969
=040  \\$aPUL$beng$cPUL$dOCLCQ$dOCLCG$dOCLCA$dOCLCF$dOCLCQ$dDDO
=050  \4$aPA8310.E94$bR45 1913
=100  1\$aReinwald, Karl.
=245  14$aDie Ausgabe des ersten Buches der Laudes dei und der Satisfactio des Dracontius durch Eugenius von Toledo /$cvon Karl Reinwald.
=260  \\$aSpeyer :$bDruck der Jäger'schen Buchdruckerei,$c1913.
=300  \\$a106, [2] pages ;$c22 cm
=336  \\$atext$btxt$2rdacontent
=337  \\$aunmediated$bn$2rdamedia
=338  \\$avolume$bnc$2rdacarrier
=500  \\$a"Programm zum Jahresberichte des K. humanistischen Gymnasiums Speyer, 1912/1913."
=600  10$aDracontius, Blossius Aemilius,$dactive 5th century.$tSatisfactio.
=600  00$aEugene$bII,$cof Toledo, Saint, Archbishop of Toledo,$d-657.
=600  17$aDracontius, Blossius Aemilius,$dactive 5th century$2fast$0(OCoLC)fst01816349
=700  0\$aEugene$bII,$cof Toledo, Saint, Archbishop of Toledo,$d-657.
=900  \\$a002411868
=901  0\$aALU4330
=903  \\$aMHALU43300HU
=991  \\$b2022-04-06$cWorldCat record variable field(s) change: 050, 600, 700

