=LDR  00000cam a2200445 a 4500
=001  990026492210203941
=008  911226s1992\\\\nyu\\\\\\\\\\\001\0\eng\\
=010  \\$a   91045729 
=020  \\$a0025482610
=020  \\$a9780025482616
=035  \\$a(OCoLC)25130904$z(OCoLC)1039662186
=040  \\$aDLC$beng$cDLC$dBAKER$dBTCTA$dYDXCP$dNYHRD$dOCLCF$dOSU$dOCLCQ$dPAU$dOCLCQ$dSLR$dNZAUC$dOCLCO$dTJC$dOCL$dOCLCO$dTJCBL$dOCLCO$dOCLCQ$dOCLCO
=043  \\$as-bl---
=050  00$aTX716.B6$bH37 1992
=082  00$a641.5981$220
=100  1\$aHarris, Jessica B.
=245  10$aTasting Brazil :$bregional recipes and reminiscences /$cJessica B. Harris.
=260  \\$aNew York :$bMacmillan ;$aToronto :$bMaxwell Macmillan Canada ;$aNew York :$bMaxwell Macmillan International,$c©1992.
=300  \\$axi, 285 pages ;$c25 cm
=336  \\$atext$btxt$2rdacontent
=337  \\$aunmediated$bn$2rdamedia
=338  \\$avolume$bnc$2rdacarrier
=520  \\$aPresents 175 varied recipes of Brazilian cuisine.
=500  \\$aIncludes index.
=650  \0$aCooking, Brazilian.
=650  \6$aCuisine brésilienne.
=650  \7$aCooking, Brazilian.$2fast$0(OCoLC)fst01753261
=655  \2$aCookbook
=655  \7$acookbooks.$2aat
=655  \7$aCookbooks.$2fast$0(OCoLC)fst01752725
=655  \7$aCookbooks.$2lcgft
=655  \7$aLivres de cuisine.$2rvmgf
=700  1\$aChild, Julia$eformer owner.$5sch
=776  08$iOnline version:$aHarris, Jessica B.$tTasting Brazil.$dNew York : Macmillan ; Toronto : Maxwell Macmillan Canada ; New York : Maxwell Macmillan International, ©1992$w(OCoLC)663362576
=900  \\$a002649221
=901  0\$aANA2130
=903  \\$aMHANA21300HU
=905  \\$aTX^0716
=991  \\$b2022-04-06$cWorldCat record variable field(s) change: 655

