=LDR  00000ccm a2200385M  4500
=001  990026828790203941
=007  hd\afu---buua
=008  920817s1514\\\\it\moz\\a\\\\\\n\\\\lat\d
=035  \\$a(OCoLC)26581375
=040  \\$aHMU$beng$cHMU$dMBB$dOCLCQ$dOCLCF$dOCLCO$dOCLCQ$dOCL$dOCLCQ$dGZM$dOCL$dOCLCO
=050  14$aM1490$bRISM 1514/1
=100  1\$aPetrucci, Ottaviano.
=240  10$aMotetti de la corona,$nlibro 1
=245  00$aMotetti de la corona.
=260  \\$a[Forosempronii],$b[Octavianum Petrutium],$c[1514]
=300  \\$a4 parts books (superius, altus, tenor, bassus)
=336  \\$anotated music$bntm$2rdacontent
=337  \\$amicroform$bh$2rdamedia
=338  \\$amicrofilm reel$bhd$2rdacarrier
=510  4\$aRISM B/I,$c1514-1
=510  4\$aSartori,$cno. 49
=500  \\$aOriginal in Biblioteca Musicale, Bologna (I Bc).
=500  \\$aContains motets by Hylaire, Carpentras, Ant. de feuin, Jo. Mouton, Longheual, Josquin, Andreas de Silua, Brumel, Diuitis, P. De therachet.
=533  \\$aMicrofilm.$b[Bologna :$cBiblioteca Musicale,$dn.d.].$e1 microfilm reel ; 35 mm.
=650  \0$aMotets$y16th century.
=650  \7$aMotets.$2fast$0(OCoLC)fst01026871
=655  \7$aMotets.$2fast$0(OCoLC)fst01726673
=655  \7$aMotets.$2lcgft
=655  \7$aMotets.$2rvmgf
=648  \7$a1500-1599$2fast
=900  \\$a002682879
=901  6\$aANI9538
=903  \\$aMHANI95386HU
=991  \\$b2022-04-06$cWorldCat record variable field(s) change: 655

