=LDR  00000cam a2200325 i 4500
=001  990029878910203941
=008  911114s1842\\\\mau\\\\\\\\\\\000\0\eng\d
=035  \\$a(OCoLC)24780954
=040  \\$aRBN$beng$cRBN$dOCL$dOCLCQ$dOCLCG$dPHA$dZCU$dOCLCQ$dOCLCF$dOCLCQ$dOCLCO
=043  \\$an-us---
=050  \4$aBV4316.T5$bC61
=100  1\$aCozzens, Samuel W.$q(Samuel Woodworth),$d1801-1875.
=245  10$aMore laborers needed for the Gospel Harvest :$ba sermon before the Auxiliary education society of Norfolk county at their annual meeting in Wrentham, June 8, 1842 /$cby Samuel W. Cozzens.
=260  \\$aBoston :$bT.R. Marvin,$c1842.
=300  \\$a28 pages ;$c22 cm
=336  \\$atext$btxt$2rdacontent
=337  \\$aunmediated$bn$2rdamedia
=338  \\$avolume$bnc$2rdacarrier
=650  \0$aClergy.
=650  \2$aClergy
=650  \6$aClergé.
=650  \7$aclergy.$2aat
=650  \7$aClergy.$2fast$0(OCoLC)fst00864014
=900  \\$a002987891
=901  0\$aAOR5425
=903  \\$aMHAOR54250HU
=905  \\$aBV^4316
=948  \\$aORC2755EDGUT1Box00007$b19930417$c19930429
=991  \\$b2022-04-06$cWorldCat record variable field(s) change: 650

