=LDR  00000cam a2200385Ma 4500
=001  990041833610203941
=008  041209s1974\\\\ir\af\\\\b\\\\001\0dper\d
=035  \\$a(OCoLC)57458092
=040  \\$aMH$beng$cSTF$dOCLCQ$dOCLCG$dHLS$dOCLCF$dOCLCO$dOCLCQ$dOCLCA$dOCL$dOCLCO
=041  0\$aper$beng$bfre
=043  \\$aa-ir---
=050  \4$aB753.R38
=066  \\$c(3$c(4
=100  1\$6880-01$aMuḥaqqiq, Mahdī.
=245  10$6880-02$aFaylasūf-i Rayy, Muḥammad ibn Zakariyā-yi Rāzī /$ctaʼlīf-i Mahdī Muḥaqqiq.
=246  3\$aFaylasūf-i Rayy
=246  15$aFilsuf-i-Rayy
=260  \\$6880-03$aTihrān :$bDānishgāh-i Makgīl,$c1352 [1974]
=300  \\$a24, 11, 463, 35, 7 pages [2] leaves of plates :$billustrations ;$c24 cm.
=336  \\$atext$btxt$2rdacontent
=337  \\$aunmediated$bn$2rdamedia
=338  \\$avolume$bnc$2rdacarrier
=490  1\$aSilsilah-ʼi dānish-i Īrānī ;$v14
=504  \\$aIncludes bibliographical references and indexes.
=500  \\$aIn Persian; pref. and introd. also in English and review in French.
=650  \0$aMuslim philosophers$zIran$vBiography.
=650  \7$aMuslim philosophers.$2fast$0(OCoLC)fst01030966
=655  \7$aBiographies.$2fast$0(OCoLC)fst01919896
=752  \\$aIran$dTehran.
=900  \\$a004183361
=901  5\$aAVI5532
=903  \\$aMHAVI55325HU
=905  \\$aB^^0753
=991  \\$b2022-04-06$cWorldCat record variable field(s) change: 600

