=LDR  00000cam a2200637 a 4500
=001  990046254300203941
=008  940204s1994\\\\nyu\\\\\\\\\\\001\0\eng\\
=010  \\$a   94001323 
=020  \\$a0525938346
=020  \\$a9780525938347
=020  \\$a0452276381
=020  \\$a9780452276383
=035  \\$a(OCoLC)29878384$z(OCoLC)438515542$z(OCoLC)658885985
=040  \\$aDLC$beng$cDLC$dCVP$dAGL$dGZM$dBAKER$dNLGGC$dBTCTA$dYDXCP$dVOV$dOCLCO$dOCLCF$dOCLCQ$dSLR$dOCL$dQT7$dQGK$dAAA$dOCLCO$dCEV
=043  \\$an-us---
=050  00$aTX715$b.M48 1994
=070  0\$aTX715.M48$b1994
=072  \0$aU600
=082  00$a641.59/296073$220
=084  \\$a49.25$2bcl
=100  1\$aMedearis, Angela Shelf,$d1956-
=245  14$aThe African-American kitchen :$bcooking from our heritage /$cAngela Shelf Medearis.
=260  \\$aNew York, N.Y., U.S.A. :$bDutton,$c©1994.
=300  \\$axiv, 258 pages ;$c25 cm
=336  \\$atext$btxt$2rdacontent
=337  \\$aunmediated$bn$2rdamedia
=338  \\$avolume$bnc$2rdacarrier
=505  0\$aThe roots of soul cooking : Africa -- The pepper pot is never empty : the Caribbean -- Making do : slave kitchens -- Getting reacquainted : the African-American kitchen -- Holidays of our own : African-American traditions.
=520  \\$aA collection of recipes from the diverse traditions of African-American culture offers more than two hundred fifty dishes, including cuisine from Africa, the Caribbean, and the American South.
=500  \\$aIncludes index.
=650  \0$aAfrican American cooking.
=650  \0$aCooking, African.
=650  \0$aCooking, Caribbean.
=650  \6$aCuisine noire américaine.
=650  \6$aCuisine africaine.
=650  \6$aCuisine antillaise.
=650  \7$aAfrican American cooking.$2fast$0(OCoLC)fst01752736
=650  \7$aCooking, African.$2fast$0(OCoLC)fst01753221
=650  \7$aCooking, Caribbean.$2fast$0(OCoLC)fst01753273
=650  17$aKookkunst.$2gtt
=650  17$aZwarten.$2gtt
=655  \0$aCookbooks.
=655  \2$aCookbook
=655  \7$acookbooks.$2aat
=655  \7$aCookbooks.$2fast$0(OCoLC)fst01752725
=655  \7$aCookbooks.$2lcgft
=655  \7$aLivres de cuisine.$2rvmgf
=776  08$iOnline version:$aMedearis, Angela Shelf, 1956-$tAfrican-American kitchen.$dNew York, N.Y., U.S.A. : Dutton, ©1994$w(OCoLC)693633975
=900  \\$a004625430
=901  3\$aAXD2269
=903  \\$aMHAXD22693HU
=905  \\$aTX^0715
=991  \\$b2022-03-31$cWorldCat record variable field(s) change: 655
=991  \\$b2022-04-06$cWorldCat record variable field(s) change: 655
=999  00$aMaster record variable field(s) change: 505, 650

