=LDR  00000cam a2200301Ma 4500
=001  990049046260203941
=008  931207s1991\\\\maua\\\\\\\\\\000\0\eng\d
=035  \\$a(OCoLC)43503365
=040  \\$aHLS$beng$cHLS$dOCL$dOCLCF$dOCLCO$dOCLCQ$dOCLCO
=041  0\$aengrus
=245  00$aSt. Petersburg discussions :$bprinciples of privatization /$csponsored by the Strengthening Democratic Institutions Project, Harvard University, Monitor Company, [and] John F. Kennedy School of Government.
=246  3\$aSaint Petersburg discussions :$bprinciples of privatization
=260  \\$a[Cambridge, Mass.] :$bMonitor Co.,$c©1991.
=300  \\$a1 volume (unpaged) :$billustrations ;$c22 x 28 cm
=336  \\$atext$btxt$2rdacontent
=337  \\$aunmediated$bn$2rdamedia
=338  \\$avolume$bnc$2rdacarrier
=546  \\$aIn English and Russian.
=500  \\$aCover title.
=500  \\$a"Company confidential."
=650  \0$aPrivatization.
=650  \2$aPrivatization
=650  \7$aPrivatization.$2fast$0(OCoLC)fst01077649
=900  \\$a004904626
=901  1\$aAYM3751
=903  \\$aMHAYM37511HU
=991  \\$b2022-04-06$cWorldCat record variable field(s) change: 650

