=LDR  00000cam a2200709 a 4500
=001  990056200910203941
=008  951128s1995\\\\gw\af\\\\b\\\\000\0\ger\c
=010  \\$a   95227106 
=015  \\$a95,A23,1074$2dnb
=016  7\$a943483980$2DE-101
=016  7\$a009888225$2Uk
=020  \\$a3892066337
=020  \\$a9783892066330
=035  \\$a(OCoLC)33462094
=040  \\$aMdU$beng$cUMC$dDLC$dNLGGC$dOCLCG$dZWZ$dHEBIS$dOCLCQ$dOCLCF$dOCLCQ$dOCLCO$dOCLCA$dOCLCQ$dUKMGB$dBP1$dOCLCO
=042  \\$alcnccp
=043  \\$ae-it---
=050  04$aND2757.F5$bL63 1995
=082  14$a751.73094551 L796r
=100  1\$aLobbenmeier, Annette,$d1965-
=245  10$aRaum und Unendlichkeit :$bdie Perspektive als Bedeutungsträger in Florentiner Bildprogrammen des Quattrocento /$cAnnette Lobbenmeier.
=260  \\$aEssen :$bBlaue Eule,$c©1995.
=300  \\$a252 pages, 17 unnumbered pages of plates :$billustrations ;$c22 cm.
=336  \\$atext$btxt$2rdacontent
=337  \\$aunmediated$bn$2rdamedia
=338  \\$avolume$bnc$2rdacarrier
=490  1\$aKunst, Geschichte und Theorie ;$vBd. 21
=500  \\$aOriginally presented as the author's thesis (Ruhr-Universität Bochum, 1994).
=650  \0$aMural painting and decoration, Renaissance$zItaly$zFlorence.
=650  \0$aMural painting and decoration, Italian$zItaly$zFlorence.
=650  \0$aPerspective.
=650  \0$aSpace (Art)
=650  \0$aVisual perception.
=650  \2$aVisual Perception
=650  \6$aPerspective.
=650  \6$aEspace (Art)
=650  \6$aPerception visuelle.
=650  \7$avisual perception.$2aat
=650  \7$aMural painting and decoration, Italian.$2fast$0(OCoLC)fst01029675
=650  \7$aMural painting and decoration, Renaissance.$2fast$0(OCoLC)fst01029719
=650  \7$aPerspective.$2fast$0(OCoLC)fst01058877
=650  \7$aSpace (Art)$2fast$0(OCoLC)fst01127615
=650  \7$aVisual perception.$2fast$0(OCoLC)fst01168049
=650  \7$aRenaissance$2gnd
=650  \7$aFreskomalerei$2gnd
=650  \7$aBild$2gnd
=650  17$aMuurschilderkunst.$2gtt
=650  17$aPerspectief.$2gtt
=650  17$aKunstreceptie.$2gtt
=650  \7$aPerspective.$2ram
=650  \7$aPeinture et décoration murales de la Renaissance$zItalie$zFlorence.$2ram
=650  07$aRaum.$2swd
=650  07$aPerspektive.$2swd
=651  \7$aItaly$zFlorence.$2fast$0(OCoLC)fst01204699
=651  \7$aFlorenz$2gnd
=830  \0$aKunst, Geschichte und Theorie ;$vBd. 21.
=900  \\$a005620091
=901  4\$aBBT6012
=903  \\$aMHBBT60124HU
=905  \\$aN^^0000
=991  \\$b2022-04-06$cWorldCat record variable field(s) change: 650

