=LDR  00000cam a2200613 i 4500
=001  990056395050203941
=008  941024s1995\\\\nyu\\\\\\b\\\\000\1\eng\\
=010  \\$a   94043033 
=015  \\$aGB9660321$2bnb
=020  \\$a0195093275$q(pbk.)
=020  \\$a9780195093278$q(pbk.)
=035  \\$a(OCoLC)31434660$z(OCoLC)35235909$z(OCoLC)59956034$z(OCoLC)1289424542
=040  \\$aDLC$beng$erda$cDLC$dGZM$dIAY$dUKM$dBAKER$dUKV3G$dNLGGC$dBTCTA$dYDXCP$dOCLCG$dOCLCQ$dUAB$dSXC$dBDX$dOCLCO$dOCLCF$dOCLCQ$dOCLCO$dSFR$dOCLCO$dOCL$dOCLCA$dGZM$dOCLCO$dVICSF$dOCLCO$dS2H$dOCLCO$dAAA$dOCLCO$dMIR
=043  \\$an-usn--
=050  00$aPS2798$b.N43 1995
=082  00$a813/.2$220
=084  \\$a18.06$2bcl
=100  1\$aSedgwick, Catharine Maria,$d1789-1867,$eauthor.
=245  12$aA New-England tale :$bor, Sketches of New England character and manners /$cCatharine Maria Sedgwick ; edited and with an introduction by Victoria Clements ; foreword by Cathy N. Davidson.
=246  30$aSketches of New England character and manners
=264  \1$aNew York :$bOxford University Press,$c1995.
=300  \\$axxxii, 168 pages ;$c20 cm.
=336  \\$atext$btxt$2rdacontent
=337  \\$aunmediated$bn$2rdamedia
=338  \\$avolume$bnc$2rdacarrier
=490  1\$aEarly American women writers
=504  \\$aIncludes bibliographical references (pages xxxi-xxxii).
=520  \\$aThe Early American Women Writers series offers rare works of fiction by eighteenth- and nineteenth-century women, each reprinted in its entirety, each with a foreword by General Editor Cathy N. Davidson, who places the novel in a historical and literary perspective. Written in 1822, A New-England Tale is the first of the many novels, tales, and short magazine pieces Catharine Sedgwick published during her lifetime. The story of an orphan girl in rural New England and the moral trials she faces as she grows up, this early example of the popular nineteenth-century women's novel provides a unique look at the religious and social climate at this crucial period in America's national development. Addressing many of the complex religious, political, and philosophical issues of the time, as well as concerns of the woman writer, A New-England Tale is a classic story of a young woman's moral and material triumphs.
=650  \0$aOrphans$vFiction.
=650  \0$aGirls$vFiction.
=650  \6$aFilles$vRomans, nouvelles, etc.
=650  \7$aGirls.$2fast$0(OCoLC)fst00942866
=650  \7$aOrphans.$2fast$0(OCoLC)fst01048433
=651  \0$aNew England$vFiction.
=651  \6$aNouvelle-Angleterre$vRomans, nouvelles, etc.
=651  \7$aNew England.$2fast$0(OCoLC)fst01241913
=653  0\$aEnglish fiction.
=653  0\$aUnited States.
=655  \0$aBildungsromans.
=655  \7$aBildungsromans.$2fast$0(OCoLC)fst01726536
=655  \7$aFiction.$2fast$0(OCoLC)fst01423787
=655  \7$aBildungsromans.$2gsafd
=655  \7$aBildungsromans.$2lcgft
=710  2\$aCairns Collection of American Women Writers.$5WU
=700  1\$aDavidson, Cathy N.,$econtributor.
=700  1\$aClements, Victoria,$d1956-$ewriter of introduction.
=830  \0$aEarly American women writers.
=900  \\$a005639505
=901  6\$aBBV6324
=903  \\$aMHBBV63246HU
=905  \\$aPS^2798
=991  \\$b2022-03-31$cWorldCat record variable field(s) change: 655
=991  \\$b2022-04-06$cWorldCat record variable field(s) change: 655

