=LDR  00000cam a2200757 a 4500
=001  990057552620203941
=008  950105s1995\\\\nyu\\\\\\\\\\\000\1\eng\\
=010  \\$a   95001970 
=020  \\$a0670856045
=020  \\$a9780670856046$q(alk. paper)
=020  \\$a014023828X
=020  \\$a9780140238280
=035  \\$a(OCoLC)31900353$z(OCoLC)317916949$z(OCoLC)794975129$z(OCoLC)795105476$z(OCoLC)1201004575$z(OCoLC)1201014238$z(OCoLC)1201021380$z(OCoLC)1201024833$z(OCoLC)1201628205$z(OCoLC)1201628864$z(OCoLC)1201895423
=040  \\$aDLC$beng$cDLC$dFIT$dOCL$dOCLCQ$dBAKER$dNLGGC$dBTCTA$dYDXCP$dPFO$dZWZ$dLMR$dOCLCQ$dOCLCO$dOCLCF$dOCLCO$dTWP$dTDS$dSFR$dOCLCQ$dWSD$dOCLCQ$dOCLCO$dDF{dollar}$dTYC$dOCLCQ$dOCLCO$dVTU$dOCLCQ$dCNO$dOCLCQ$dOCLCA$dBRL$dOCLCQ$dBGU$dOCLCQ$dTXKYL$dMLM$dCPS$dTL4$dUTP$dNZAUC$dOCLCO$dLE8$dCPO$dOCLCO$dZQP$dOCLCQ$dOCLCO$dBUF$dOCLCO$dOCLCQ$dOCLCO$dHNQ$dOCLCO$dIOL$dWHE$dOCLCO$dYBM$dOCLCO$dWHE$dOCLCO$dWHE$dSFB$dOCLCO$dOCL$dOCLCO$dOCLCQ$dTXHLS$dOCLCO$dAAA$dOCLCO$dCACHC
=043  \\$an-us-ca
=050  00$aPS3552.O932$bT67 1995
=060  \4$aFiction
=082  00$a813/.54$220
=084  \\$a18.06$2bcl
=100  1\$aBoyle, T. Coraghessan.
=245  14$aThe tortilla curtain /$cT. Coraghessan Boyle.
=260  \\$aNew York :$bViking,$c1995.
=300  \\$a355 pages ;$c24 cm
=336  \\$atext$btxt$2rdacontent
=337  \\$aunmediated$bn$2rdamedia
=338  \\$avolume$bnc$2rdacarrier
=520  \\$aThe story of illegal aliens in California, told through the eyes of two very different couples, one well-off Anglos, the other illegal Mexicans living in a canyon. The novel chronicles their relationship against the background of growing hostility between immigrants and natives. By the author of East Is East.
=530  \\$aAlso issued online.
=526  0\$aAccelerated Reader/Renaissance Learning$bUG$c7.1$d22.
=650  \0$aMarried people$zCalifornia$zLos Angeles$vFiction.
=650  \0$aMexicans$zCalifornia$zLos Angeles$vFiction.
=650  \0$aDomestic fiction.
=650  \0$aAmerican fiction$y20th century.
=650  \0$aNoncitizens$zCalifornia$zLos Angeles$vFiction.
=650  \0$aIllegal immigration$zCalifornia$zLos Angeles$vFiction.
=650  \0$aNoncitizens.
=650  \1$aMexicans$zCalifornia$zLos Angeles$vFiction.
=650  \2$aUndocumented Immigrants
=650  \6$aCouples mariés$zCalifornie$zLos Angeles$vRomans, nouvelles, etc.
=650  \6$aMexicains$zCalifornie$zLos Angeles$vRomans, nouvelles, etc.
=650  \6$aRoman familial.
=650  \6$aRoman américain$y20e siècle.
=650  \6$aImmigration clandestine$zCalifornie$zLos Angeles$vRomans, nouvelles, etc.
=650  \6$aImmigrants clandestins.
=650  \7$aAmerican fiction.$2fast$0(OCoLC)fst00807048
=650  \7$aDomestic fiction.$2fast$0(OCoLC)fst00896624
=650  \7$aEthnic relations.$2fast$0(OCoLC)fst00916005
=650  \7$aMarried people.$2fast$0(OCoLC)fst01010656
=650  \7$aMexicans.$2fast$0(OCoLC)fst01019244
=651  \0$aLos Angeles (Calif.)$xEthnic relations$vFiction.
=651  \7$aCalifornia$zLos Angeles.$2fast$0(OCoLC)fst01204540
=655  \0$aDomestic fiction.
=655  \7$aDomestic fiction.$2fast$0(OCoLC)fst01726589
=655  \7$aFiction.$2fast$0(OCoLC)fst01423787
=655  \7$aBlack humor (Literature)$2gsafd
=655  \7$aDomestic fiction.$2lcgft
=648  \7$a1900-1999$2fast
=776  08$iOnline version:$aBoyle, T. Coraghessan.$tTortilla curtain.$dNew York : Viking, 1995$w(OCoLC)603830071
=900  \\$a005755262
=901  5\$aBCI9900
=903  \\$aMHBCI99005HU
=905  \\$aPS^3552
=991  \\$b2022-01-31$cWorldCat record variable field(s) change: 650
=991  \\$b2022-03-31$cWorldCat record variable field(s) change: 655
=991  \\$b2022-04-06$cWorldCat record variable field(s) change: 655

