=LDR  00000cam a2200757 a 4500
=001  990062439810203941
=008  950720s1995\\\\riu\\\\\\b\\\f101\0\eng\\
=010  \\$a   95031337 
=035  \\$a(OCoLC)32968951$z(OCoLC)1166578876
=040  \\$aDLC$beng$cDLC$dGPO$dZYF$dNLGGC$dBTCTA$dNYDWH$dOCLCG$dYDXCP$dMTG$dMBB$dVVC$dGPO$dWNC$dOCLCF$dOCLCQ$dYDX$dCTD$dOCL$dVYM$dOCLCO$dOCLCQ$dOCLCO
=042  \\$apcc
=043  \\$an-us---
=050  00$aKZ6397$b.L44 1995
=050  14$aJX4521$b.L44 1995
=074  \\$a0408-A
=082  00$a341.6$220
=084  \\$a86.92$2bcl
=086  0\$aD 208.207:67
=245  00$aLegal and moral constraints on low-intensity conflict /$cedited by Alberto R. Coll, James S. Ord, and Stephen A. Rose.
=260  \\$aNewport, R.I. :$bNaval War College,$c1995.
=300  \\$axix, 387 pages ;$c24 cm.
=336  \\$atext$btxt$2rdacontent
=337  \\$aunmediated$bn$2rdamedia
=338  \\$avolume$bnc$2rdacarrier
=490  1\$aInternational law studies ;$vv. 67
=504  \\$aIncludes bibliographical references and index.
=505  0\$aUnconventional warfare, liberal democracies, and international order / Alberto R. Coll -- Low-intensity conflict and the international legal system / John N. Moore -- State sovereignty, international law, and the use of force in countering low-intensity aggression in the modern world / Robert F. Turner -- Low-intensity conflict and state sovereignty: a philosophical analysis / Fernando R. Teson -- Panel discussion: international law and state sovereignty / W. Michael Reisman -- Just war tradition and low-intensity conflict / James Turner Johnson -- Just war doctrine's complementary role in the international law of war / William V. O'Brien -- Panel discussion: morality and the just war tradition / Alberto R, Coll -- Low-intensity conflict in the post-cold war world: the American moral-cultural environment / George Weigel -- American strategic culture in small wars / Carnes Lord -- Panel discussion: domestic U.S. constraints on low-intensity conflict / Bruce A. Harlow -- Roundtable discussion / Alberto R. Coll -- Can American democracy employ covert action as an instrument of statecraft? / Alberto R. Coll and Richard H. Shultz, Jr.
=500  \\$aPapers presented at the Symposium on Low-Intensity Conflict held April 1992 at Naval War College.
=650  \0$aWar (International law)
=650  \0$aLow-intensity conflicts (Military science)$xMoral and ethical aspects.
=650  \6$aGuerre (Droit international)
=650  \6$aConflits de basse intensité$xAspect moral.
=650  \7$aLow-intensity conflicts (Military science)$xMoral and ethical aspects.$2fast$0(OCoLC)fst01003221
=650  \7$aMilitary policy.$2fast$0(OCoLC)fst01021386
=650  \7$aWar (International law)$2fast$0(OCoLC)fst01170412
=650  \7$aSTRATEGY.$2unbist
=650  \7$aMILITARY POLICY.$2unbist
=650  \7$aUNITED STATES.$2unbist
=650  \7$aJUST WAR DOCTRINE.$2unbist
=650  \7$aLOW-INTENSITY CONFLICTS.$2unbist
=650  \7$aDEFINITION.$2unbist
=650  \7$aDETERRENCE.$2unbist
=650  \7$aAGGRESSION.$2unbist
=650  \7$aSOVEREIGNTY.$2unbist
=650  \7$aINTERNATIONAL LAW.$2unbist
=650  \7$aSELF-DEFENCE (INTERNATIONAL LAW)$2unbist
=650  \7$aFORCE IN INTERNATIONAL RELATIONS.$2unbist
=650  \7$aLAW OF WAR.$2unbist
=651  \0$aUnited States$xMilitary policy.
=651  \7$aUnited States.$2fast$0(OCoLC)fst01204155
=655  \2$aCongress
=655  \7$aConference papers and proceedings.$2fast$0(OCoLC)fst01423772
=655  \7$aConference papers and proceedings.$2lcgft
=655  \7$aActes de congrès.$2rvmgf
=776  08$iOnline version:$tLegal and moral constraints on low-intensity conflict.$h1 online resource (xix, 387 p.)$w(OCoLC)701718959
=711  2\$aSymposium on Low-Intensity Conflict$d(1992 :$cNaval War College)
=700  1\$aColl, Alberto R.
=700  1\$aOrd, James S.,$d1953-
=700  1\$aRose, Stephen A.,$d1947-
=830  \0$aInternational law studies ;$vv. 67.
=900  \\$a006243981
=901  3\$aBEO9884
=903  \\$aMHBEO98843HU
=905  \\$aJX^4521
=991  \\$b2022-04-06$cWorldCat record variable field(s) change: 655

