=LDR  00000cam a2200361   4500
=001  990065592510203941
=008  990516s1851\\\\pau\\\\\\\\\\\000\0\eng\d
=035  \\$a(OCoLC)41373140$z(OCoLC)1159124159
=040  \\$aYUS$beng$cYUS$dOCLCG$dOCLCF$dOCLCQ$dOCLCO$dOCLCQ$dOCLCO
=050  \4$aR708$b851M
=100  1\$aMütter, Thomas D.$q(Thomas Dent),$d1811-1859.
=245  10$aCharge to the graduates of Jefferson Medical College, of Philadelphia, delivered March 8, 1851.$bWith a list of the graduates.
=260  \\$aPhiladelphia,$bT.K. & P.G. Collins, printers,$c1851.
=300  \\$a28 pages$c23 cm
=336  \\$atext$btxt$2rdacontent
=337  \\$aunmediated$bn$2rdamedia
=338  \\$avolume$bnc$2rdacarrier
=690  \9$aAddresses$xEssays$xLectures$xPapers, etc.$5med
=690  \9$aEthics$xMedical.$5med
=650  \0$aMedicine.
=650  \2$aMedicine
=650  \6$aMédecine.
=650  \7$amedicines (material)$2aat
=650  \7$aMedicine.$2fast$0(OCoLC)fst01014893
=710  2\$aJefferson Medical College.
=900  \\$a006559251
=901  9\$aBFW3338
=903  \\$aMHBFW33389HU
=948  \\$aORK2473MDCOUMBox00217$b19960227$c19960228
=948  \\$aORK2473MDCOUMBox00217$b19960228$c19960229
=948  \\$aORK2473MDCOUMBox00217$b19960228$c19960229
=991  \\$b2022-04-06$cWorldCat record variable field(s) change: 650

