=LDR  00000cam a2200553 i 4500
=001  990073654630203941
=008  960523s1996\\\\ncua\\\\\\\\\\001\0\eng\\
=010  \\$a   96009194 
=020  \\$a1565121201
=020  \\$a9781565121201
=035  \\$a(OCoLC)34878720$z(OCoLC)1030002247
=040  \\$aDLC$beng$erda$cDLC$dNLGGC$dBAKER$dBTCTA$dYDXCP$dLCS$dO3A$dOCLCF$dPAU$dOCLCQ$dOCLCO$dGSU$dSLR$dOCLCO
=043  \\$an-usu--
=050  00$aTX739.2.C45$bG54 1996
=082  00$a641.5/68$220
=084  \\$a49.25$2bcl
=100  1\$aGlenn, Camille.
=240  10$aOld-fashioned Christmas cookbook
=245  10$aCamille Glenn's old-fashioned Christmas cookbook.
=246  30$aOld-fashioned Christmas cookbook
=250  \\$a1st ed.
=264  \1$aChapel Hill, NC :$bAlgonquin Books of Chapel Hill,$c1996.
=300  \\$axv, 240 pages :$billustrations ;$c21 cm
=336  \\$atext$btxt$2rdacontent
=337  \\$aunmediated$bn$2rdamedia
=338  \\$avolume$bnc$2rdacarrier
=505  0\$aTree-trimming parties -- Christmas Eve supper parties -- Christmas morning breakfast -- A hearty holiday breakfast or supper -- Christmas day dinner -- An elegant Christmas dinner -- A fireside holiday picnic -- A Christmas tea party -- A Christmas luncheon -- Menus for ringing in the new year -- Grandmother's pantry.
=520  \\$aOffers recipes and holiday menus to serve at tree-trimming parties, Christmas morning breakfast, Christmas dinner, and New Year parties.
=500  \\$aIncludes index.
=650  \0$aChristmas cooking.
=650  \0$aCooking, American$xSouthern style.
=650  \0$aMenus.
=650  \6$aCuisine de Noël.
=650  \6$aCuisine américaine du Sud.
=650  \7$aChristmas cooking.$2fast$0(OCoLC)fst01752988
=650  \7$aCooking, American$xSouthern style.$2fast$0(OCoLC)fst01753233
=650  \7$aMenus.$2fast$0(OCoLC)fst01016875
=655  \2$aCookbook
=655  \7$acookbooks.$2aat
=655  \7$aCookbooks.$2fast$0(OCoLC)fst01752725
=655  \7$aCookbooks.$2lcgft
=655  \7$aLivres de cuisine.$2rvmgf
=700  1\$aChild, Julia$eformer owner.$5sch
=900  \\$a007365463
=901  1\$aBJM5316
=903  \\$aMHBJM53161HU
=905  \\$aTX^0739
=991  \\$b2022-04-06$cWorldCat record variable field(s) change: 655

