=LDR  00000cjm a2200913Ia 4500
=001  990074562370203941
=007  sd\fungnnmmned
=008  970826r19971986nyumunn\\deiz\\\\\n\eng\d
=015  \\$a991511530$2can
=016  \\$a(AMICUS)000020192115
=024  1\$a075597945126
=024  1\$a7559794512
=028  02$a79451-2$bNonesuch
=033  20$a199410--$a199610--
=035  \\$a(OCoLC)37732333$z(OCoLC)71765800$z(OCoLC)1017521550$z(OCoLC)1153426182
=040  \\$aCUY$beng$cCUY$dSNN$dTXA$dVRU$dMUQ$dOCLCQ$dINU$dOCLCG$dDRB$dCNMBL$dNLC$dOCLCQ$dOCLCO$dOCLCA$dOCLCF$dOCLCA$dIAD$dOCL$dOCLCA$dOIP$dOCLCQ$dTFW$dOCLCO$dNJR$dTYC$dOCL$dOCLCQ$dNJT$dOCLCO$dTJCBL$dCNMON$dOCLCQ$dOCLCO
=041  0\$deng$dara$dheb$eeng$eara$eheb$nara$nheb$geng$gfre$gger$meng
=045  2\$bd1965$bd1995
=050  \4$aM3.1.R45$bS45 1997
=055  07$aC-disc 18,176
=082  04$a784$221
=084  \\$acci1icc$2lacc
=084  \\$acoll9$2lacc
=100  1\$aReich, Steve,$d1936-
=240  10$aWorks.$kSelections
=245  10$aWorks 1965-1995 /$cSteve Reich.
=260  \\$aNew York, NY :$bNonesuch,$c℗1997.
=300  \\$a10 audio discs :$bdigital ;$c4 3/4 in.
=306  \\$a001248$a002027$a001747$a001553$a005643$a001650$a000445$a001619$a011742$a001729$a003029$a004804$a001119$a002614$a002603$a002651$a001443$a001446$a011154$a001404$a000431$a002313 
=336  \\$aperformed music$bprm$2rdacontent
=337  \\$aaudio$bs$2rdamedia
=338  \\$aaudio disc$bsd$2rdacarrier
=505  0\$aDisc 1. Come out (12:48) ; Piano phase (20:27) ; It's gonna rain (17:47) ; Four organs (15:53) -- Disc 2. Drumming (56:43) -- Disc 3. Music for mallet instruments, voices and organ (16:50) ; Clapping music (4:45) ; Six marimbas [originally for six pianos] (16:19) -- Disc 4. Music for 18 musicians (67:42) -- Disc 5. Eight lines (17:29) ; Tehillim (30:29) -- Disc 6. The desert music (48:04) -- Disc 7. New York counterpoint (11:19) ; Sextet (26:14) ; The four sections (26:03) -- Disc 8. Different trains (26:51) ; Electric counterpoint (14:43) ; Three movements (14:46) -- Disc 9. Excerpts from the cave (71:54) -- Disc 10. Proverb (14:04) ; Nagoya marimbas (4:31) ; City life (23:13).
=546  \\$aProgram notes by John Adams, Michael Tilson Thomas, Robert Hurwitz, and an interview with Reich by Jonathan Cott, with French and German translations and vocal texts with English translations (135 p.) inserted.
=546  \\$aVocal works performed in English, Arabic and Hebrew.
=511  0\$aSteve Reich and Musicians ; The Steve Reich Ensemble ; other performers and performing groups.
=518  \\$aRecorded between Oct. 1984 and Oct. 1996; mostly previously released by Nonesuch Records, in part as analog discs.
=500  \\$aVocal works performed in English, Arabic and Hebrew.
=500  \\$aCompact discs.
=500  \\$aNotes by John Adams, Michael Tilson Thomas, Robert Hurwitz, and an interview with Reich by Jonathan Cott, with French and German translations, and vocal texts with English translations (135 p. : ill.)--included.
=650  \0$aMusic.
=650  \0$aMusic$y20th century.
=650  \2$aMusic
=650  \6$aMusique$y20e siècle.
=650  \6$aMusique.
=650  \7$aMusic$2fast$0(OCoLC)fst01030269
=655  \7$aElectronica (Music)$2fast$0(OCoLC)fst01920122
=655  \7$aMusic.$2lcgft
=655  \7$aMusique.$2rvmgf
=710  2\$aSteve Reich and Musicians.$4prf
=710  2\$aSteve Reich Ensemble.$4prf
=700  12$aReich, Steve,$d1936-$tCome out.
=700  12$aReich, Steve,$d1936-$tPiano phase.
=700  12$aReich, Steve,$d1936-$tIt's gonna rain.
=700  12$aReich, Steve,$d1936-$tFour organs.
=700  12$aReich, Steve,$d1936-$tDrumming.
=700  12$aReich, Steve,$d1936-$tMusic,$mwomen's solo voices, organ, percussion.
=700  12$aReich, Steve,$d1936-$tClapping music.
=700  12$aReich, Steve,$d1936-$tSix pianos;$oarranged.
=700  12$aReich, Steve,$d1936-$tMusic for 18 musicians.
=700  12$aReich, Steve,$d1936-$tEight lines.
=700  12$aReich, Steve,$d1936-$tTehillim.
=700  12$aReich, Steve,$d1936-$tDesert music.
=700  12$aReich, Steve,$d1936-$tNew York counterpoint.
=700  12$aReich, Steve,$d1936-$tSextet,$mkeyboard instruments (2), percussion.
=700  12$aReich, Steve,$d1936-$tFour sections.
=700  12$aReich, Steve,$d1936-$tDifferent trains.
=700  12$aReich, Steve,$d1936-$tElectric counterpoint.
=700  12$aReich, Steve,$d1936-$tMovements,$morchestra.
=700  12$aReich, Steve,$d1936-$tCave.$kSelections.
=700  12$aReich, Steve,$d1936-$tProverb.
=700  12$aReich, Steve,$d1936-$tNagoya marimbas.
=700  12$aReich, Steve,$d1936-$tCity life.
=900  \\$a007456237
=901  3\$aBJY3840
=903  \\$aMHBJY38403HU
=905  \\$aM^^0000
=991  \\$b2022-04-06$cWorldCat record variable field(s) change: 650, 655

