=LDR  00000ccm a2200697 i 4500
=001  990074898270203941
=008  980113t19961996gw\coce\\\\\\\\n\\b\zxx\d
=010  \\$a   97754205 
=024  2\$aM003027913
=024  2\$a9790003027913
=024  2\$zM00327913
=028  22$aH.S. 1938$bH. Sikorski
=028  30$a1938$bH. Sikorski
=035  \\$a(OCoLC)35131535$z(OCoLC)36419567$z(OCoLC)38162245$z(OCoLC)51829190$z(OCoLC)930578168
=040  \\$aZJS$beng$erda$cDLC$dZJS$dHMU$dAU@$dMTG$dLS1$dOCLCQ$dOCLCO$dOCLCA$dOCLCF$dOCLCQ$dUKUOY$dOCLCQ$dTJC$dOCLCQ$dJNA$dOCL$dXFF$dTJCBL$dOCL$dOCLCO$dOCLCQ$dOCLCO
=042  \\$alccopycat
=045  0\$bd1985
=046  \\$k1985$2edtf
=048  \\$aka01$bsb01
=050  00$aM1015$b.S37 1996
=082  04$a785.6/72/04
=083  0\$a784.273
=100  1\$aSchnittke, Alfred,$d1934-1998,$ecomposer.
=240  10$aConcertos,$mviola, orchestra;$oarranged
=245  00$aKonzert für Viola und Orchester =$bConcerto for viola and orchestra /$cAlfred Schnittke ; Klavierauszug [von Kevin] Dvorak.
=264  \1$aHamburg :$bH. Sikorski,$c[1996]
=264  \4$c©1996
=300  \\$a1 score (32 pages) + 1 part (15 pages) :$bfacsimile ;$c32 cm.
=306  \\$a003500
=336  \\$anotated music$bntm$2rdacontent
=337  \\$aunmediated$bn$2rdamedia
=338  \\$avolume$bnc$2rdacarrier
=348  \\$ascore$apart$2rdafnm
=382  01$aviola$n1$apiano$n1$s2$2lcmpt
=490  1\$aExempla nova ;$v238
=546  \\$aStaff notation.
=500  \\$aAccompaniment arranged for piano.
=500  \\$aDuration: approximately 35:00.
=650  \0$aConcertos (Viola)$vSolo with piano.
=650  \6$aConcertos (Alto)$vSolo et piano.
=650  \7$aConcertos (Viola)$xSolo with piano.$2fast$0(OCoLC)fst00873938
=655  \7$aConcertos.$2fast$0(OCoLC)fst01726450
=655  \7$aArrangements (Music)$2fast$0(OCoLC)fst01920435
=655  \7$aScores.$2fast$0(OCoLC)fst01692898
=655  \7$aParts (Music)$2fast$0(OCoLC)fst01692889
=655  \7$aConcertos.$2lcgft
=655  \7$aArrangements (Music)$2lcgft
=655  \7$aScores.$2lcgft
=655  \7$aParts (Music)$2lcgft
=655  \7$aConcertos.$2rvmgf
=655  \7$aArrangements (Musique)$2rvmgf
=655  \7$aPartitions (Musique)$2rvmgf
=655  \7$aParties (Musique)$2rvmgf
=700  1\$aDvorak, Kevin,$earranger of music.
=830  \0$aExempla nova ;$v238.
=900  \\$a007489827
=901  6\$aBKC6249
=903  \\$aMHBKC62496HU
=905  \\$aM^^0000
=991  \\$b2022-04-06$cWorldCat record variable field(s) change: 655

