=LDR  00000cjm a2201429 i 4500
=001  990075026770203941
=007  sd\fsngnnmmned
=008  030131p19971995nyumunn\\dei\\\\\\n\eng\d
=010  \\$a  2003567060
=024  1\$a074646231128
=024  3\$a5099706231127
=024  1\$z7464623112
=028  02$aSK 62311$bSony Classical
=033  20$a19951012$a19951204$b5754$cL7
=033  00$a19960824$b6494$cS2
=033  10$a19960827$a19960828$b6954$cS7
=033  2\$a19951012$a19951015$b5754$cL7
=033  2\$a19951202$a19951204$b5754$cL7
=033  0\$a19960824$b6494$cS3
=033  1\$a19960827$a19960828$b6954$cS7
=035  \\$a(OCoLC)36482939$z(OCoLC)963351796$z(OCoLC)965128657$z(OCoLC)966255503$z(OCoLC)988761602$z(OCoLC)1004532772$z(OCoLC)1013271024$z(OCoLC)1015695752$z(OCoLC)1017963923$z(OCoLC)1020416135$z(OCoLC)1026372406$z(OCoLC)1027487719$z(OCoLC)1034936669$z(OCoLC)1049416386$z(OCoLC)1051453889$z(OCoLC)1052960441$z(OCoLC)1055055947$z(OCoLC)1059217777$z(OCoLC)1069421656$z(OCoLC)1080182554$z(OCoLC)1084868754$z(OCoLC)1089912358$z(OCoLC)1108885350$z(OCoLC)1176028687$z(OCoLC)1195459852$z(OCoLC)1201806589$z(OCoLC)1201835282$z(OCoLC)1230267474$z(OCoLC)1295485694$z(OCoLC)1296650146$z(OCoLC)1298778312$z(OCoLC)1301415800$z(OCoLC)1301421291
=040  \\$aWAU$beng$erda$cDLC$dIXA$dORU$dIUL$dDLC$dCPL$dMTG$dBCO$dWIQ$dOCLCF$dHMU$dCSAIL$dTFW$dNJR$dCNO$dXFF$dTJCBL$dWAU
=041  0\$deng$dund$dger$dhun$eeng$eger$ehun$neng$nger$nhun$geng
=042  \\$alccopycat
=043  \\$ae-hu---
=045  2\$bd1946$bd1993
=046  \\$o1946$p1993$2edtf
=047  \\$amd$asg$afm
=048  \\$avg02$avd01$ave02$avf01
=048  \\$bva01$aoz
=048  \\$bva01$bvc01$bve01$awa01$aba01$apn01$akc01$aka01$asc01$asd01
=048  \\$ava01$aka01
=048  \\$bva02$bvb01$aka01
=050  \4$aML128.M2$bV62 1997
=082  04$a782$220
=100  1\$aLigeti, György,$d1923-2006,$ecomposer.
=240  10$aVocal music.$kSelections
=245  10$aVocal works /$cGyörgy Ligeti.
=264  \1$aNew York :$bSony Classical,$c[1997]
=264  \4$c℗1997
=300  \\$a1 audio disc (68 min., 59 sec.) :$bdigital ;$c4 3/4 in.
=306  \\$a001400$a000749$a001120$a001100$a000312$a000600$a001100$a000600
=336  \\$aperformed music$bprm$2rdacontent
=337  \\$aaudio$bs$2rdamedia
=338  \\$aaudio disc$bsd$2rdacarrier
=344  \\$adigital$2rdatr
=344  \\$boptical$2rdarm
=344  \\$c1.4 m/s
=344  \\$gstereo$2rdacpc
=347  \\$aaudio file$2rdaft
=347  \\$bCD audio
=382  01$asinger$n6$s6$2lcmpt
=382  01$bsoprano voice$n1$ainstrumental ensemble$e1$r1$t1$2lcmpt
=382  01$bsinger$n3$ainstrumental ensemble$e1$r3$t1$2lcmpt
=382  01$ahigh voice$n1$apiano$n1$s2$2lcmpt
=382  01$asinger$n3$apiano$n1$s4$2lcmpt
=490  1\$aGyörgy Ligeti edition ;$v4
=505  00$tNonsense madrigals$g(14:00) --$tMysteries of the macabre /$rarranged for coloratura soprano and ensemble by Elgar Howarth (1991) from the opera Le grand macabre$g(7:49) --$tAventures$g(11:20) --$tNouvelles aventures$g(11:00) --$tDer Sommer$g(3:12) --$tHárom Weöres-dal$g(6:00) --$tÖt Arany-dal$g(11:00) --$tNégy lakodalmi tánc : adaptations of Hungarian folksongs$g(6:00).
=546  \\$aSung in English (1st work), nonsense phonetic text (2nd-4th works), German (5th work), and Hungarian (6th-8th works).
=511  0\$aSibylle Ehlert (2nd work), Phyllis Bryn-Julson (3rd-4th works), Christiane Oelze (5th work), Rosemary Hardy (6th-8th works), Eva Wedin (8th work), sopranos ; Malena Ernman, mezzo-soprano (8th work) ; Rose Taylor (3rd-4th works), contralto ; Omar Ebrahim, baritone (3rd-4th works) ; King's Singers (1st work); Irina Kataeva (5th work), Pierre-Laurent Aimard (6th-8th works), pianos ; members of the Philharmonia Orchestra, Esa-Pekka Salonen, conductor (2nd-4th works).
=518  \\$31st work$orecorded$d1995 October 12-15$pAt Whitfield Street Studios, London (1st work).
=518  \\$32nd-4th works$orecorded in Hampstead$d1995 December 2-4$pAir Studios, Lyndhurst Hall, Hampstead.
=518  \\$35th work$orecorded$d1996 August 24$pORF Studio 3, Salzburg.
=518  \\$36th-8th works$orecorded$d1996 August 27-28$pSwedish Radio Studio 2, Stockholm.
=500  \\$aTitle from disc label.
=500  \\$aEditions recorded: Peters (3rd-4th works); Schott (remainder).
=500  \\$aProgram notes by Ligeti and texts with English translations (32 pages : portraits.) inserted in container.
=508  \\$aDavid Mottley, Ulrich Schneider, producers; Mike Ross-Trevor, Marcus Herzog, Ulrich Schneider, engineers.
=650  \0$aMadrigals, English.
=650  \0$aVocal sextets, Unaccompanied.
=650  \0$aVocalises (High voice) with instrumental ensemble.
=650  \0$aVocal trios with instrumental ensemble.
=650  \0$aSongs (High voice) with piano.
=650  \0$aVocal trios with piano.
=650  \0$aFolk songs, Hungarian$zHungary.
=650  \7$aFolk songs, Hungarian.$2fast$0(OCoLC)fst00929948
=650  \7$aMadrigals, English.$2fast$0(OCoLC)fst01005358
=650  \7$aSongs (High voice) with piano.$2fast$0(OCoLC)fst01126153
=650  \7$aVocal sextets, Unaccompanied.$2fast$0(OCoLC)fst01168424
=650  \7$aVocal trios with instrumental ensemble.$2fast$0(OCoLC)fst01168431
=650  \7$aVocal trios with piano.$2fast$0(OCoLC)fst01168436
=650  \7$aVocalises (High voice) with instrumental ensemble.$2fast$0(OCoLC)fst01168448
=651  \7$aHungary.$2fast$0(OCoLC)fst01205132
=655  \7$aVocalises.$2fast$0(OCoLC)fst01920412
=655  \7$aStudio recordings.$2fast$0(OCoLC)fst02010330
=655  \7$aSongs.$2fast$0(OCoLC)fst01726744
=655  \7$aFolk songs.$2fast$0(OCoLC)fst01726618
=655  \7$aChamber music.$2fast$0(OCoLC)fst01726551
=655  \7$aMadrigals (Music)$2fast$0(OCoLC)fst01920220
=655  \7$aMadrigals (Music)$2lcgft
=655  \7$aSongs.$2lcgft
=655  \7$aVocalises.$2lcgft
=655  \7$aChamber music.$2lcgft
=655  \7$aFolk songs.$2lcgft
=655  \7$aStudio recordings.$2lcgft
=710  2\$aKing's Singers (Vocal group),$eperformer.
=710  2\$aPhilharmonia Orchestra (London, England),$eperformer.
=700  1\$aEhlert, Sibylle,$esinger.
=700  1\$aBryn-Julson, Phyllis,$esinger.
=700  1\$aOelze, Christiane,$esinger.
=700  1\$aHardy, Rosemary,$esinger.
=700  1\$aWedin, Eva,$esinger.
=700  1\$aErnman, Malena,$esinger.
=700  1\$aTaylor, Rose,$esinger.
=700  1\$aEbrahim, Omar,$esinger.
=700  1\$aKataeva, Irina,$einstrumentalist.
=700  1\$aAimard, Pierre-Laurent,$d1957-$einstrumentalist.
=700  1\$aSalonen, Esa-Pekka,$d1958-$econductor.
=700  12$iContainer of (work):$aLigeti, György,$d1923-2006.$tNonsense madrigals.
=700  12$iContainer of (work):$aLigeti, György,$d1923-2006.$tMysteries of the macabre;$oarranged.
=700  12$iContainer of (work):$aLigeti, György,$d1923-2006.$tAventures.
=700  12$iContainer of (work):$aLigeti, György,$d1923-2006.$tNouvelles aventures.
=700  12$iContainer of (work):$aLigeti, György,$d1923-2006.$tSommer.
=700  12$iContainer of (work):$aLigeti, György,$d1923-2006.$tWeöres-dalok.
=700  12$iContainer of (work):$aLigeti, György,$d1923-2006.$tArany-dalok.
=700  12$iContainer of (work):$aLigeti, György,$d1923-2006.$tLakodalmi táncok.
=800  1\$aLigeti, György,$d1923-2006.$tWorks.$kSelections (Sony Classical) ;$v4.
=900  \\$a007502677
=901  5\$aBKE9782
=903  \\$aMHBKE97825HU
=991  \\$b2022-04-06$cWorldCat record encoding level change - WorldCat record variable field(s) change: 050, 344, 347, 700, 710

