=LDR  00000cam a2200385Ia 4500
=001  990075312230203941
=008  970519s1997\\\\it\\\\\\\b\\\\000\0\ita\d
=020  \\$a8842051837
=020  \\$a9788842051831
=035  \\$a(OCoLC)36958524
=040  \\$aC3L$beng$cC3L$dOCLCQ$dHLS$dDEBBG$dOCLCF$dOCLCQ$dOCLCO
=045  \\$ax4x-
=050  \4$aHX806$b.L86 1997
=084  \\$a5,1$2ssgn
=084  \\$aCC 7800$2rvk
=100  1\$aLunati, Giancarlo.
=245  10$aDall'utopia alla progettualità /$cGiancarlo Lunati.
=260  \\$aRoma :$bLaterza,$c1997.
=300  \\$a160 pages ;$c19 cm.
=336  \\$atext$btxt$2rdacontent
=337  \\$aunmediated$bn$2rdamedia
=338  \\$avolume$bnc$2rdacarrier
=490  0\$aSaggi tascabili Laterza ;$v206
=504  \\$aIncludes bibliographical references.
=650  \0$aUtopias.
=650  \2$aUtopias
=650  \6$aUtopies.
=650  \7$aUtopias.$2fast$0(OCoLC)fst01163359
=650  \7$aIdeologie$2gnd
=650  \7$aUtopie$2gnd
=900  \\$a007531223
=901  0\$aBKJ3171
=903  \\$aMHBKJ31710HU
=991  \\$b2022-04-06$cWorldCat record variable field(s) change: 650

