=LDR  00000cam a2200481Ia 4500
=001  990075737130203941
=008  040923s1997\\\\ne\a\\\\\b\\\\000\0\dut\d
=016  7\$aB9721480$2bccb
=020  \\$a9055730238
=020  \\$a9789055730230
=035  \\$a(OCoLC)56563148
=040  \\$aTEF$beng$cTEF$dNLGGC$dOCLCF$dOCLCO$dOCLCQ$dOCLCO
=050  \4$aBF175.5.Q83$bR39 1997
=084  \\$a77.32$2bcl
=100  1\$aRazenberg, Kees.
=245  14$aHet principe van de quaterniteit als algemeen denkraam :$bgebaseerd op ideeën van C.G. Jung /$cKees Razenberg en Antal van den Bosch.
=260  \\$aBest :$bDamon,$c©1997.
=300  \\$aviii, 70 pages :$billustrations ;$c23 cm
=336  \\$atext$btxt$2rdacontent
=337  \\$aunmediated$bn$2rdamedia
=338  \\$avolume$bnc$2rdacarrier
=504  \\$aIncludes bibliographical references (pages 59-60).
=500  \\$a"Voor onze (groot)ouders."
=650  \0$aQuaternities.
=650  \0$aThought and thinking.
=650  \0$aJungian psychology.
=650  \2$aThinking
=650  \6$aPensée.
=650  \6$aPsychologie analytique.
=650  \7$athinking.$2aat
=650  \7$aJungian psychology.$2fast$0(OCoLC)fst00984858
=650  \7$aQuaternities.$2fast$0(OCoLC)fst01085500
=650  \7$aThought and thinking.$2fast$0(OCoLC)fst01150249
=650  17$aFilosofie.$2gtt
=650  17$aPsychologie.$2gtt
=650  17$aDenken.$2gtt
=700  1\$aBosch, Antal van den.
=900  \\$a007573713
=901  6\$aBKO3404
=903  \\$aMHBKO34046HU
=905  \\$aBF^0000
=991  \\$b2022-04-06$cWorldCat record variable field(s) change: 650

