=LDR  00000cam a2200505Ia 4500
=001  990076524560203941
=008  961202s1997\\\\nyua\\\\\b\\\\001\0\eng\\
=010  \\$a   96051917 
=020  \\$a0394587588
=020  \\$a9780394587585
=035  \\$a(OCoLC)36103678$z(OCoLC)229211424$z(OCoLC)1154520530
=040  \\$aDLC$beng$cDLC$dBAKER$dBTCTA$dYDXCP$dOCLCO$dOCLCF$dOSU$dOCLCQ$dSLR$dPAU$dOCLCQ$dOCLCO
=043  \\$aa-cc---$an-us---
=050  00$aTX724.5.C5$bH586 1997
=082  00$a641.5951$221
=100  1\$aHom, Ken,$eauthor.
=245  10$aEasy family recipes from a Chinese-American childhood /$cby Ken Hom ; with illustrations by Emily Lisker.
=250  \\$a1st ed.
=260  \\$aNew York :$bAlfred A. Knopf :$bDistributed by Random House, Inc.,$c1997.
=300  \\$aix, 319 pages :$billustrations ;$c25 cm.
=336  \\$atext$btxt$2rdacontent
=337  \\$aunmediated$bn$2rdamedia
=338  \\$avolume$bnc$2rdacarrier
=490  1\$aKnopf cooks American
=504  \\$aIncludes bibliographical references (pages 299-303) and index.
=655  \7$aAuthors' autographs (Provenance)$2rbprov$5sch
=650  \0$aCooking, Chinese.
=650  \0$aCooking, American.
=650  \6$aCuisine chinoise.
=650  \6$aCuisine américaine.
=650  \7$aCooking, American.$2fast$0(OCoLC)fst01753224
=650  \7$aCooking, Chinese.$2fast$0(OCoLC)fst01753278
=655  \2$aCookbook
=655  \7$acookbooks.$2aat
=655  \7$aCookbooks.$2fast$0(OCoLC)fst01752725
=655  \7$aCookbooks.$2lcgft
=655  \7$aAuthors' autographs (Provenance)$2rbprov$5MCR-S
=655  \7$aLivres de cuisine.$2rvmgf
=830  \0$aKnopf cooks American.
=900  \\$a007652456
=901  6\$aBKZ0294
=903  \\$aMHBKZ02946HU
=905  \\$aTX^0724
=991  \\$b2022-04-06$cWorldCat record variable field(s) change: 655

