=LDR  00000cam a2200433Ia 4500
=001  990076669970203941
=008  970130s1996\\\\it\\\\\\\b\\\\000\0\ita\d
=020  \\$a8872844746
=020  \\$a9788872844748
=035  \\$a(OCoLC)36308473
=040  \\$aC3L$beng$cC3L$dOCLCQ$dHLS$dOCLCQ$dOCLCF$dOCLCQ$dOCLCO
=045  \\$ax4x-
=050  \4$aHB87$b.M37 1996
=100  1\$aMartino, Antonio.
=245  10$aEconomia e libertà /$cAntonio Martino ; a cura di Dario Antiseri e Giuseppina Gianfreda.
=260  \\$aSoveria Mannelli :$bRubbettino,$c1996.
=300  \\$a242 pages ;$c22 cm.
=336  \\$atext$btxt$2rdacontent
=337  \\$aunmediated$bn$2rdamedia
=338  \\$avolume$bnc$2rdacarrier
=490  1\$aLa politica, metodi, storie, teorie ;$v7
=504  \\$aIncludes bibliographical references.
=500  \\$aCollection of already publ. writings.
=650  \0$aEconomic policy.
=650  \0$aLiberty.
=650  \2$aFreedom
=650  \6$aPolitique économique.
=650  \6$aLiberté.
=650  \7$afreedom.$2aat
=650  \7$aEconomic policy.$2fast$0(OCoLC)fst00902025
=650  \7$aLiberty.$2fast$0(OCoLC)fst00997251
=700  1\$aAntiseri, Dario.
=700  1\$aGianfreda, Giuseppina.
=830  \0$aPolitica (Soveria Mannelli, Italy) ;$v7.
=900  \\$a007666997
=901  8\$aBLB3678
=903  \\$aMHBLB36788HU
=991  \\$b2022-04-06$cWorldCat record variable field(s) change: 650

