=LDR  00000cam a2200421 a 4500
=001  990076742120203941
=008  970528s1998\\\\nyu\\\\\\\\\\\001\0\eng\\
=010  \\$a   97017682 
=020  \\$a0688149618
=020  \\$a9780688149611
=035  \\$a(OCoLC)37004414
=040  \\$aDLC$beng$cDLC$dBAKER$dBTCTA$dYDXCP$dLUNCL$dOCLCF$dOCLCQ$dBRL$dOCLCO
=050  00$aTX656$b.B77 1998
=082  00$a641.5/86$221
=100  1\$aBrody, Lora,$d1945-
=245  10$aLora Brody plugged in /$cLora Brody.
=250  \\$a1st ed.
=260  \\$aNew York :$bMorrow and Co.,$c©1998.
=300  \\$ax, 388 pages ;$c24 cm
=336  \\$atext$btxt$2rdacontent
=337  \\$aunmediated$bn$2rdamedia
=338  \\$avolume$bnc$2rdacarrier
=505  00$tBlender --$tBlender, Handheld --$tBread Machine --$tDeep Fryer --$tFood Processor/Food Processor, Mini --$tGrill, Electric --$tIce-Cream Maker --$tMicrowave Oven --$tMixer, Hand --$tMixer, Stand --$tRice Cooker --$tSkillet & Wok --$tSlow Cooker --$tSteamer, Electric --$tTortilla Press --$tWaffle Maker --$tWater Smoker, Electric --$tPlugged in and On-Line: Computers, the Internet, and the Kitchen.
=500  \\$aIncludes index.
=650  \0$aKitchen utensils.
=650  \0$aHousehold appliances, Electric.
=650  \2$aCooking and Eating Utensils
=650  \6$aUstensiles de cuisine.
=650  \6$aAppareils électroménagers.
=650  \7$aappliances.$2aat
=650  \7$aHousehold appliances, Electric.$2fast$0(OCoLC)fst00962090
=650  \7$aKitchen utensils.$2fast$0(OCoLC)fst00987913
=900  \\$a007674212
=901  9\$aBLC1951
=903  \\$aMHBLC19519HU
=905  \\$aTX^0656
=991  \\$b2022-04-06$cWorldCat record variable field(s) change: 650

