=LDR  00000cam a2200421 i 4500
=001  990077134990203941
=008  980224q19291930ctu\\\\\\\\\\\001\0\eng\d
=035  \\$a(OCoLC)38500086
=040  \\$aSLR$beng$erda$cSLR$dLEO$dOCLCQ$dOCLCF$dOCLCO$dOCLCQ$dOCLCA$dOCLCQ$dOCLCO$dOCL$dHUL$dOCLCO$dOCL$dOCLCO
=043  \\$an-us-ct
=082  04$a641.5
=245  00$aBranford cook book :$bselected recipes /$cpublished by the Comfortable Society of the First Congregational Church, Branford, Connecticut.
=246  3\$aSelected recipes
=250  \\$aRevised edition.
=264  \1$aBranford, Connecticut :$bComfortable Society of the First Congregational Church,$c[between 1929 and 1930?]
=300  \\$a96 pages ;$c23 cm
=336  \\$atext$btxt$2rdacontent
=337  \\$aunmediated$bn$2rdamedia
=338  \\$avolume$bnc$2rdacarrier
=500  \\$aIncludes index.
=500  \\$aNames of contributors are given.
=500  \\$aPublication date range based on newspaper articles from the Branford Review in December 1929 and January 1930 mentioning a new Branford cook book.
=650  \0$aCooking, American.
=650  \0$aCooking$zConnecticut$zBranford.
=650  \6$aCuisine américaine.
=650  \7$aCooking.$2fast$0(OCoLC)fst01754966
=650  \7$aCooking, American.$2fast$0(OCoLC)fst01753224
=651  \7$aConnecticut$zBranford.$2fast$0(OCoLC)fst01218391
=655  \7$aCommunity cookbooks.$2fast$0(OCoLC)fst01750157
=655  \7$aCommunity cookbooks.$2lcgft
=655  \7$aLivres de cuisine d'organismes communautaires.$2rvmgf
=710  2\$aFirst Congregational Church (Branford, Conn.).$bComfortable Society,$epublisher.
=900  \\$a007713499
=901  2\$aBLI9986
=903  \\$aMHBLI99862HU
=911  \\$a285.25200..473308.580471.0000.00000
=991  \\$b2022-04-06$cWorldCat record variable field(s) change: 655

