=LDR  00000cam a2200433Ia 4500
=001  990077451600203941
=008  970910s1996\\\\it\\\\\\\b\\\\001\0\ita\d
=020  \\$a8842048518
=020  \\$a9788842048510
=035  \\$a(OCoLC)37643434
=040  \\$aC3L$beng$cC3L$dOCLCQ$dHLS$dNLGGC$dDEBBG$dOCLCQ$dOCLCF$dOCLCQ$dOCLCO$dOCLCA$dPAU$dOCLCO
=045  \\$ax4x-
=050  \4$aHM621$b.C74 1996
=082  14$a306
=084  \\$a71.50$2bcl
=084  \\$aMR 7100$2rvk
=100  1\$aCrespi, Franco.
=245  10$aManuale di sociologia della cultura /$cFranco Crespi.
=260  \\$aRoma :$bLaterza,$c1996.
=300  \\$aviii, 312 pages ;$c21 cm.
=336  \\$atext$btxt$2rdacontent
=337  \\$aunmediated$bn$2rdamedia
=338  \\$avolume$bnc$2rdacarrier
=490  1\$aManuali Laterza ;$v69
=504  \\$aIncludes bibliographical references (pages 271-296)-and indexes.
=650  \0$aCulture.
=650  \0$aSociology.
=650  \2$aSociology
=650  \6$aSociologie.
=650  \7$asociology.$2aat
=650  \7$aCulture.$2fast$0(OCoLC)fst00885059
=650  \7$aSociology.$2fast$0(OCoLC)fst01123875
=650  17$aCultuur.$2gtt
=830  \0$aManuali Laterza ;$v69.
=900  \\$a007745160
=901  5\$aBLN1085
=903  \\$aMHBLN10855HU
=991  \\$b2022-04-06$cWorldCat record variable field(s) change: 650

