=LDR  00000cam a2200493Ia 4500
=001  990079155580203941
=008  040218s1998\\\\gw\a\\\\\b\\\\000\0ager\d
=016  7\$a952223872$2DE-101
=020  \\$a3828005039
=020  \\$a9783828005037
=035  \\$a(OCoLC)54442654
=040  \\$aHLS$beng$cHLS$dHEBIS$dOCLCQ$dOCLCO$dOCLCF$dOCLCO$dOCL$dOCLCA$dOCLCO
=043  \\$ae-gx---
=050  \4$aRC388$b.U33 1998
=100  1\$aUebelacker, Franz.
=245  10$aIch lasse mich durch wilde Fantasien tragen :$bSelbstporträt eines autistischen Spastikers /$cFranz Uebelacker.
=250  \\$aOriginalausg., 1. Aufl.
=260  \\$aBerlin :$bFrieling,$c1998.
=300  \\$a144 pages :$billustrations ;$c19 cm =
=336  \\$atext$btxt$2rdacontent
=337  \\$aunmediated$bn$2rdamedia
=338  \\$avolume$bnc$2rdacarrier
=504  \\$aIncludes bibliographical references (pages 141-144).
=650  \0$aCerebral palsied$zGermany$vBiography.
=650  \0$aPeople with disabilities$zGermany$vBiography.
=650  \0$aAutism.
=650  \2$aAutistic Disorder
=650  \6$aInfirmes moteurs cérébraux$zAllemagne$vBiographies.
=650  \6$aPersonnes handicapées$zAllemagne$vBiographies.
=650  \6$aAutisme.
=650  \7$aAutism.$2fast$0(OCoLC)fst00822484
=650  \7$aCerebral palsied.$2fast$0(OCoLC)fst00851303
=650  \7$aPeople with disabilities.$2fast$0(OCoLC)fst01057245
=650  \7$aCerebrale Kinderlähmung$2gnd
=650  \7$aAutismus$2gnd
=651  \7$aGermany.$2fast$0(OCoLC)fst01210272
=600  10$aUebelacker, Franz.
=655  \7$aBiographies.$2fast$0(OCoLC)fst01919896
=900  \\$a007915558
=901  8\$aBMJ2117
=903  \\$aMHBMJ21178HU
=905  \\$aR^^0000
=991  \\$b2022-04-06$cWorldCat record variable field(s) change: 650

