=LDR  00000cam a2200481 a 4500
=001  990079301360203941
=008  980615s1998\\\\maua\\\\\\\\\\001\0\eng\\
=010  \\$a   98028214 
=020  \\$a0395892538
=020  \\$a9780395892534
=035  \\$a(OCoLC)39391107$z(OCoLC)1054225708
=040  \\$aDLC$beng$cDLC$dBAKER$dBTCTA$dYDXCP$dOCLCF$dEEM$dOCLCQ$dBRL$dSLR$dOCLCO$dOCL$dPAU$dOCLCQ$dOCLCO
=043  \\$aa-cb---$an-us-ma
=050  00$aTX724.5.C16$bD4 1998
=082  00$a641.59596$221
=100  1\$aDe Monteiro, Longteine.
=245  14$aThe Elephant Walk cookbook :$bCambodian cuisine from the nationally acclaimed restaurant /$cLongteine De Monteiro and Katherine Neustadt ; food graphs by Alan Richardson.
=260  \\$aBoston, MA :$bHoughton Mifflin,$c1998.
=300  \\$a324 pages :$bcolor illustrations ;$c27 cm
=336  \\$atext$btxt$2rdacontent
=337  \\$aunmediated$bn$2rdamedia
=338  \\$avolume$bnc$2rdacarrier
=505  0\$aThe Rich History Of Cambodian Cuisine -- Shopping For Cambodian Ingredients -- Notes on Serving -- Appetizers And Snacks -- Soups -- Beef -- Port -- Fish and Shellfish -- Fowl -- Rice And Noodles -- Salads -- Pickles And Relishes -- Desserts.
=520  \\$aPresents the traditional cooking of Cambodia for the American table, including 150 recipes--Cover.
=500  \\$a"A Chapters book."
=500  \\$aIncludes index.
=650  \0$aCooking, Cambodian.
=650  \6$aCuisine cambodgienne.
=650  \7$aCooking, Cambodian.$2fast$0(OCoLC)fst01753268
=610  20$aElephant Walk (Restaurant)
=610  27$aElephant Walk (Restaurant)$2fast$0(OCoLC)fst00738959
=655  \2$aCookbook
=655  \7$acookbooks.$2aat
=655  \7$aCookbooks.$2fast$0(OCoLC)fst01752725
=655  \7$aCookbooks.$2lcgft
=655  \7$aLivres de cuisine.$2rvmgf
=700  1\$aNeustadt, Katherine.
=900  \\$a007930136
=901  2\$aBML2114
=903  \\$aMHBML21142HU
=905  \\$aTX^0724
=991  \\$b2022-04-06$cWorldCat record variable field(s) change: 655

