=LDR  00000cjm a2200877Ii 4500
=001  990079417280203941
=007  sd\fungnnmmned
=008  981118p19951986mauuunn\\di\\\\\\\n\eng\d
=035  \\$a(OCoLC)40405288
=040  \\$aHLS$beng$erda$cHLS$dOCLCQ$dOCLCO$dOCLCQ$dOCLCA$dOCLCF$dOCLCO$dOCLCQ$dHMU$dOCL$dOCLCO
=100  1\$aCacioppo, Curt,$ecomposer,$einstrumentalist.
=245  10$aNayénězgạni =$bMonsterslayer ; Wolf ; Snake dance = Coyóhim katcina /$cCurt Cacioppo.
=246  1\$aMonsterslayer
=264  \0$c[1995?]
=300  \\$a1 audio disc :$bdigital ;$c4 3/4 in.
=336  \\$aperformed music$bprm$2rdacontent
=337  \\$aaudio$bs$2rdamedia
=338  \\$aaudio disc$bsd$2rdacarrier
=340  \\$aplastic$ametal$b4 3/4 in.
=344  \\$adigital$2rdatr
=344  \\$boptical$2rdarm
=344  \\$c1.4 m/s
=347  \\$aaudio file$2rdaft
=347  \\$bCD audio
=382  01$3Nayénězgạni$aviolin$n2$aviola$n1$acello$n1$s4$2lcmpt
=382  01$3Wolf$asoprano voice$n1$apiano$n1$acello$n1$s3$2lcmpt
=382  01$3Snake dance$aflute$n1$acello$n1$apiano$n1$s3$2lcmpt
=546  \\$aVocal work sung in English.
=511  0\$aEmerson Quartet (Eugene Drucker, Philip Setzer, violins ; Lawrence Dutton, viola ; David Finckel, cello) (1st work) ; Janice Fiore, soprano, Curt Cacioppo, piano, David Gerber, cello (2nd) ; Haverford Chamber Players (Ellen Finks, flute ; Julia Lichten, cello ; Curt Cacioppo, piano) (3rd).
=518  \\$3Nayénězgạni$orecorded live$d1996 February 22$pPhiladelphia Convention Center.
=518  \\$3Wolf$orecorded live$d1991 February 8$pHaverford College.
=518  \\$3Snake dance$orecorded$d1986 March 26$pHaverford College.
=500  \\$aText by Peter Blue Cloud.
=500  \\$aProgram notes  and texts in English inserted in container.
=500  \\$aTitle from disc label.
=650  \0$aString quartets.
=650  \0$aSongs (High voice) with instrumental ensemble.
=650  \0$aTrios (Piano, flute, cello)
=650  \6$aQuatuors à cordes.
=650  \6$aChansons (Voix aiguë) acc. d'ensemble instrumental.
=650  \6$aTrios (Piano, flûte, violoncelle)
=650  \7$aSongs (High voice) with instrumental ensemble.$2fast$0(OCoLC)fst01126144
=650  \7$aString quartets.$2fast$0(OCoLC)fst01135315
=650  \7$aTrios (Piano, flute, cello)$2fast$0(OCoLC)fst01861727
=655  \7$acompact discs.$2aat
=655  \7$aSongs.$2fast$0(OCoLC)fst01726744
=655  \7$aMusical settings.$2fast$0(OCoLC)fst01423813
=655  \7$aLive sound recordings.$2fast$0(OCoLC)fst01726308
=655  \7$aChamber music.$2fast$0(OCoLC)fst01726551
=655  \7$aMusical settings.$2lcgft
=655  \7$aLive sound recordings.$2lcgft
=655  \7$aChamber music.$2lcgft
=655  \7$aSongs.$2lcgft
=655  \7$aMises en musique.$2rvmgf
=655  \7$aEnregistrements sonores live.$2rvmgf
=655  \7$aMusique de chambre.$2rvmgf
=600  10$aBlue Cloud, Peter$vMusical settings.
=600  17$aBlue Cloud, Peter.$2fast$0(OCoLC)fst00053609
=710  2\$aEmerson String Quartet,$einstrumentalist.
=740  02$aWolf
=740  02$aSnake dance
=740  02$aCoyóhim katcina
=700  1\$aFiore, Janice,$esinger.
=700  1\$aGeber, David,$einstrumentalist.
=700  1\$aFinks, Ellen,$einstrumentalist.
=700  1\$aLichten, Julia,$einstrumentalist.
=700  1\$aBlue Cloud, Peter,$eauthor.
=700  12$iContainer of (work):$aCacioppo, Curt.$tNayénězgạni.
=700  12$iContainer of (work):$aCacioppo, Curt.$tWolf.
=700  12$iContainer of (work):$aCacioppo, Curt.$tSnake dance.
=900  \\$a007941728
=901  1\$aBMM4904
=903  \\$aMHBMM49041HU
=905  \\$aM^^0000
=991  \\$b2022-04-06$cWorldCat record variable field(s) change: 655

