=LDR  00000cam a2200613 a 4500
=001  990079511850203941
=008  980727s1998\\\\gau\\\\\\b\\\\000\0\eng\\
=010  \\$a   98038441 
=020  \\$a0788504959$q(cloth ;$qalk. paper)
=020  \\$a9780788504952$q(cloth ;$qalk. paper)
=035  \\$a(OCoLC)39654801
=040  \\$aDLC$beng$cDLC$dNLGGC$dBAKER$dBTCTA$dYDXCP$dHEBIS$dOCLCF$dOCLCO$dOCLCQ$dGILDS$dL2U$dOCLCO$dIL4J6$dOCLCO
=050  00$aBM520.5$b.N48 1998
=082  00$a296.1/8$221
=084  \\$a11.23$2bcl
=100  1\$aNeusner, Jacob,$d1932-2016.
=245  10$aJewish law from Moses to the Mishnah :$bthe Hiram College lectures on religion for 1999 and other papers /$cby Jacob Neusner.
=260  \\$aAtlanta, Ga. :$bScholars Press,$c©1998.
=300  \\$axiii, 186 pages ;$c24 cm.
=336  \\$atext$btxt$2rdacontent
=337  \\$aunmediated$bn$2rdamedia
=338  \\$avolume$bnc$2rdacarrier
=490  1\$aSouth Florida studies in the history of Judaism ;$vno. 187
=504  \\$aIncludes bibliographical references.
=650  \0$aJewish law$xHistory.
=650  \0$aJudaism$xHistory$yPost-exilic period, 586 B.C.-210 A.D.
=650  \0$aRabbinical literature$xHistory and criticism.
=650  \0$aJudaism$xHistory$vBook reviews.
=650  \6$aDroit juif$xHistoire.
=650  \6$aJudaïsme$xHistoire$y586 av. J.-C.-210 (Période postexilique)
=650  \6$aLittérature rabbinique$xHistoire et critique.
=650  \6$aJudaïsme$xHistoire$vRecensions de livres.
=650  \7$a11.23 practical theology of Judaism.$0(NL-LeOCL)077594096$2bcl
=650  \7$aJewish law.$2fast$0(OCoLC)fst00982801
=650  \7$aJudaism.$2fast$0(OCoLC)fst00984280
=650  \7$aJudaism$xPost-exilic period (Judaism)$2fast$0(OCoLC)fst01907049
=650  \7$aRabbinical literature.$2fast$0(OCoLC)fst01086288
=650  \7$aHalacha$2gnd
=650  \7$aJudentum$2gnd
=650  17$aJoods recht.$2gtt
=650  \7$aJewish law$xHistory.$2nli
=655  \7$aBook reviews.$2fast$0(OCoLC)fst01423756
=655  \7$aCriticism, interpretation, etc.$2fast$0(OCoLC)fst01411635
=655  \7$aHistory.$2fast$0(OCoLC)fst01411628
=655  \7$aBook reviews.$2lcgft
=655  \7$aComptes rendus de livres.$2rvmgf
=648  \7$a586 B.C.-210 A.D$2fast
=830  \0$aSouth Florida studies in the history of Judaism ;$vno. 187.
=900  \\$a007951185
=901  3\$aBMN9157
=903  \\$aMHBMN91573HU
=905  \\$aBM^0520
=991  \\$b2022-04-06$cWorldCat record variable field(s) change: 655

