=LDR  00000cam a2200661 a 4500
=001  990079688500203941
=008  990127s1998\\\\gw\ac\\\\b\\\\000\0\ger\d
=016  7\$a100895034$2DNLM
=016  7\$a007333455$2Uk
=020  \\$a9783515073691
=020  \\$a3515073698
=035  \\$a(OCoLC)43751594$z(OCoLC)40689358$z(OCoLC)610377464
=040  \\$aEYM$beng$cNLM$dEYM$dOHX$dEMU$dNLGGC$dCGC$dCLU$dOCLCF$dIL4I4$dOCLCO$dOCLCQ$dOCLCO$dOCL$dTJC$dHUL$dOCLCO$dUKMGB$dIL4J6$dOCLCO$dOCLCA$dOCLCO
=042  \\$anlmcopyc
=043  \\$ae-gx---
=050  14$aRT12.G3$bB74 1998
=060  00$a1999 G-400
=060  10$aWY 11 GG4$bB835b 1998
=072  \7$aRT$2lcco
=084  \\$a15.70$2bcl
=100  1\$aBreiding, Birgit.
=245  14$aDie braunen Schwestern :$bIdeologie, Struktur, Funktion einer nationalsozialistischen Elite /$cvon Birgit Breiding.
=260  \\$aStuttgart :$bFranz Steiner Verlag,$c1998.
=300  \\$axiv, 338 pages :$billustrations, portraits ;$c21 cm.
=336  \\$atext$btxt$2rdacontent
=337  \\$aunmediated$bn$2rdamedia
=338  \\$avolume$bnc$2rdacarrier
=490  1\$aBeiträge zur Wirtschafts- und Sozialgeschichte ;$vBd. 85
=504  \\$aIncludes bibliographical references (pages 317-338).
=650  \0$aNursing$zGermany$xHistory$y20th century.
=650  \0$aNational socialism and medicine.
=650  \0$aComparative government.
=650  12$aHistory of Nursing
=650  22$aPolitical Systems
=650  \6$aNazisme et médecine.
=650  \6$aRégimes politiques.
=650  \7$aNational socialism and medicine.$2fast$0(OCoLC)fst01033797
=650  \7$aNursing.$2fast$0(OCoLC)fst01041731
=650  17$aVerpleegkundigen.$2gtt
=650  17$aNationaal-socialisme.$2gtt
=650  \7$aNational socialism and medicine$zGermany.$2nli
=650  \7$aNursing$zGermany$xHistory$y20th century.$2nli
=651  \2$aGermany
=651  \7$aGermany.$2fast$0(OCoLC)fst01210272
=653  \\$aNS.-Schwestern.
=610  20$aNS.-Schwestern$xHistory.
=610  22$aNS.-Schwestern.
=610  27$aNS.-Schwestern.$2fast$0(OCoLC)fst00751605
=655  \7$aHistory.$2fast$0(OCoLC)fst01411628
=648  \7$a1900-1999$2fast
=776  08$iOnline version:$aBreiding, Birgit.$tBraunen Schwestern.$dStuttgart : Franz Steiner Verlag, 1998$w(OCoLC)606222262
=830  \0$aBeiträge zur Wirtschafts- und Sozialgeschichte ;$vBd. 85.
=900  \\$a007968850
=901  1\$aBMP9247
=903  \\$aMHBMP92471HU
=905  \\$aDD^0253
=991  \\$b2022-04-06$cWorldCat record variable field(s) change: 650, 651

