=LDR  00000cam a2200337Ma 4500
=001  990080527950203941
=008  940504s1986\\\\ku\a\\\\\b\\\\000\0\ara\d
=035  \\$a(OCoLC)43061190
=040  \\$aHLS$beng$cHLS$dOCLCF$dOCLCO$dOCLCQ$dMYIIU$dOCLCO
=043  \\$ama-----
=100  1\$aṬāhir, Ḥusayn Muḥammad ʻAlī.
=245  13$aal-Irshād al-nafsī wa-al-tarbawī :$bbayna al-aṣālah wa-al-tajdīd /$ctaʼlīf Ḥusayn Muḥammad ʻAlī Ṭāhir, Yaḥyá al-Dīn Yūsuf al-Jaradī ; rājaʻahu wa-qaddama la-h Rajāʼ Maḥmūd Abū ʻAllām.
=260  \\$a[Kuwait] :$bMaṭābiʻ al-Khaṭṭ,$c1986.
=300  \\$a176 pages :$billustrations (some color) ;$c23 cm
=336  \\$atext$btxt$2rdacontent
=337  \\$aunmediated$bn$2rdamedia
=338  \\$avolume$bnc$2rdacarrier
=504  \\$aIncludes bibliographical references (pages 172-176).
=650  \0$aEducational counseling.
=650  \0$aCounseling.
=650  \0$aEducational counseling$zArab countries.
=650  \2$aCounseling
=650  \7$acounseling.$2aat
=650  \7$aCounseling.$2fast$0(OCoLC)fst00881212
=650  \7$aEducational counseling.$2fast$0(OCoLC)fst00903395
=752  \\$aKuwait.
=900  \\$a008052795
=901  3\$aBNB2502
=903  \\$aMHBNB25023HU
=991  \\$b2022-04-06$cWorldCat record variable field(s) change: 650

