=LDR  00000cam a2200601 a 4500
=001  990080851920203941
=008  000323s1999\\\\enkab\\\\de\\\000\0\eng\d
=010  \\$a   00507313 
=015  \\$aGB99Y9497$2bnb
=020  \\$a1859862756
=020  \\$a9781859862759
=035  \\$a(OCoLC)42729760$z(OCoLC)40839281$z(OCoLC)59380428$z(OCoLC)924516246
=040  \\$aPMD$beng$cDLC$dPMD$dIQU$dEL{dollar}$dUKM$dBAKER$dNLGGC$dBTCTA$dLVB$dYDXCP$dDEBBG$dMNW$dOCLCF$dOCLCQ$dOCLCO$dOCLCQ$dS3O$dGILDS$dOCL$dOCLCO
=042  \\$alccopycat
=043  \\$ae-uk---
=050  00$aDA1$b.E52 1999
=082  04$a941.003$221
=084  \\$a15.70$2bcl
=084  \\$a74.19$2bcl
=084  \\$aAE 63001$2rvk
=084  \\$aNC 1909$2rvk
=084  \\$aNe(x)$2kssb/6
=084  \\$aKe(x)$2kssb/6
=245  04$aThe encyclopedia of Britain.
=260  \\$aOxford :$bHelicon ;$aFarmington Hills, Mich. :$bGale Group,$c©1999.
=300  \\$a1015 pages :$billustrations, maps ;$c26 cm
=336  \\$atext$btxt$2rdacontent
=337  \\$aunmediated$bn$2rdamedia
=338  \\$avolume$bnc$2rdacarrier
=520  \\$a"From early settlements in Orkney to people making their mark in Britain today - this brand new encyclopedia covers all aspects of British life and culture. 6,000 entries about people, places, institutions, events, and customs; chronologies and tables that make fact-checking easy; special feature articles that give a more rounded, personal view of Britain's history and culture; 200 quotations; hundreds of photographs and maps; plus a special section on people - TV personalities, contemporary writers, actors, and sportsmen and women; and an extensive list of selected Web sites that relate to the encyclopedia's entries."--[book jacket].
=500  \\$aPublished in the UK as: The Hutchinson encyclopedia of Britain.
=500  \\$a"An A-Z guide to its people, places, history, and culture"--Cover.
=650  \7$aWörterbuch$2gnd
=651  \0$aGreat Britain$vDictionaries.
=651  \0$aGreat Britain$xHistory$vEncyclopedias.
=651  \4$aGran Bretaña$xHistoria$vEnciclopedias.
=651  \6$aGrande-Bretagne$vEncyclopédies.
=651  \6$aGrande-Bretagne$xHistoire$vEncyclopédies.
=651  \7$aGreat Britain.$2fast$0(OCoLC)fst01204623
=651  \7$aGroßbritannien$2gnd
=655  \2$aEncyclopedia
=655  \7$aencyclopedias.$2aat
=655  \7$aEncyclopedias.$2fast$0(OCoLC)fst01423798
=655  \7$aDictionaries.$2fast$0(OCoLC)fst01423826
=655  \7$aEncyclopedias.$2lcgft
=655  \7$aEncyclopédies.$2rvmgf
=730  0\$aHutchinson encyclopedia of Britain.
=776  08$iOnline version:$tEncyclopedia of Britain.$dOxford : Helicon ; Farmington Hills, Mich. : Gale Group, ©1999$w(OCoLC)657310200
=900  \\$a008085192
=901  0\$aBNF2808
=903  \\$aMHBNF28080HU
=991  \\$b2022-04-06$cWorldCat record variable field(s) change: 651, 655

