=LDR  00000cam a2200565Ia 4500
=001  990081505510203941
=008  040420s1997\\\\gw\a\\\\\\\\\\000\0\ger\d
=020  \\$a3931190056
=020  \\$a9783931190057
=035  \\$a(OCoLC)54981585
=040  \\$aHLS$beng$cHLS$dDEBBG$dOCLCF$dOCLCQ$dOCLCO
=050  \4$aHV7936.E7$bW34 1997
=245  00$aWaffen der Spezialeinheiten :$bdas grosse Sonderheft über Entwicklung, Ausrüstung und Waffen der Sonderverbände bei Militär und Polizei in aller Welt /$c[Chefredakteur, David Th. Schiller ; Textredaktion Birgit Hlawatsch ; Redaktion Ulrich Eichstädt [and others].
=260  \\$aSinghofen :$bP. Parey,$c1997.
=300  \\$a116 pages :$billustrations (chiefly color) ;$c28 cm.
=336  \\$atext$btxt$2rdacontent
=337  \\$aunmediated$bn$2rdamedia
=338  \\$avolume$bnc$2rdacarrier
=490  1\$aVisier. Special,$x0948-0528 ;$v6
=500  \\$aCover title.
=500  \\$a"Das internationale Waffen-Magazin."
=650  \0$aPolice$xEquipment and supplies.
=650  \0$aPolice$xSpecial weapons and tactics units$xEquipment and supplies.
=650  \0$aSpecial forces (Military science)$xEquipment and supplies.
=650  \0$aWeapons.
=650  \0$aFirearms.
=650  \2$aFirearms
=650  \6$aPolice$xAppareils et matériel.
=650  \6$aArmes.
=650  \6$aArmes à feu.
=650  \7$aweapons.$2aat
=650  \7$aFirearms.$2fast$0(OCoLC)fst00925573
=650  \7$aPolice$xEquipment and supplies.$2fast$0(OCoLC)fst01068438
=650  \7$aPolice$xSpecial weapons and tactics units$xEquipment and supplies.$2fast$0(OCoLC)fst01068520
=650  \7$aSpecial forces (Military science)$xEquipment and supplies.$2fast$0(OCoLC)fst01128930
=650  \7$aWeapons.$2fast$0(OCoLC)fst01173008
=650  \7$aElitetruppe$2gnd
=650  \7$aKriegswaffe$2gnd
=650  \7$aSpezialeinheit$2gnd
=650  \7$aWaffentechnik$2gnd
=700  1\$aSchiller, David Th.
=700  1\$aHlawatsch, Birgit.
=700  1\$aEichstädt, Ulrich.
=830  \0$aVisier.$pSpecial ;$v6.$x0948-0528
=900  \\$a008150551
=901  0\$aBNO3988
=903  \\$aMHBNO39880HU
=905  \\$aU^^0000
=991  \\$b2022-04-06$cWorldCat record variable field(s) change: 650

