=LDR  00000cam a22005414a 4500
=001  990082206720203941
=008  990629s1999\\\\nyua\\\\\i\\\\001\0\eng\\
=010  \\$a   99026665 
=020  \\$a068486343X
=020  \\$a9780684863436
=035  \\$a(OCoLC)41674223$z(OCoLC)1029954012
=040  \\$aDLC$beng$cDLC$dBAKER$dBTCTA$dYDXCP$dBDX$dNYHRD$dOCLCF$dOSU$dIG#$dNRC$dOCLCO$dOCLCQ$dOCLCO$dPAU$dOCLCQ$dSLR$dCNO$dOCLCO$dWKM$dOCLCQ$dZLF$dOCLCO
=042  \\$apcc
=043  \\$ae-fr---$an-us-ny
=050  00$aTX719$b.B724 1999
=082  00$a641.5944$221
=100  1\$aBoulud, Daniel.
=240  10$aCafé Boulud cookbook
=245  10$aDaniel Boulud's Café Boulud cookbook :$bFrench-American recipes for the home cook /$cDaniel Boulud and Dorie Greenspan ; foreword by Martha Stewart ; color photographs by Gentl & Hyers.
=246  30$aCafé Boulud cookbook
=260  \\$aNew York, NY :$bScribner,$c©1999.
=300  \\$a400 pages :$billustrations (some color) ;$c24 cm
=336  \\$atext$btxt$2rdacontent
=337  \\$aunmediated$bn$2rdamedia
=338  \\$avolume$bnc$2rdacarrier
=505  0\$aLa tradition: the traditional dishes of French cooking -- La saison: the seasonal specialties of the market -- Le voyage: dishes fromlands far and near -- Le potager: vegetarian dishes that celebrate the bounty of the garden.
=520  \\$aA collection of recipes from Daniel Boulud, the chef at Café Boulud in New York City, for a variety of French-American dishes, with explanation of basic and advanced cooking techniques.
=500  \\$aIncludes index.
=655  \7$aAuthors' presentation inscriptions (Provenance)$2rbprov$5sch
=650  \0$aCooking, French.
=650  \7$aCooking, French.$2fast$0(OCoLC)fst01753313
=610  20$aCafé Boulud.
=610  27$aCafé Boulud.$2fast$0(OCoLC)fst00748884
=655  \2$aCookbook
=655  \7$acookbooks.$2aat
=655  \7$aCookbooks.$2fast$0(OCoLC)fst01752725
=655  \7$aCookbooks.$2lcgft
=655  \7$aAuthors' presentation inscriptions (Provenance)$2rbprov$5MCR-S
=655  \7$aLivres de cuisine.$2rvmgf
=700  1\$aChild, Julia$eformer owner.$5sch
=700  1\$aGreenspan, Dorie.
=900  \\$a008220672
=901  6\$aBNX5190
=903  \\$aMHBNX51906HU
=905  \\$aTX^0719
=991  \\$b2022-01-25$cWorldCat record variable field(s) change: 655
=991  \\$b2022-04-06$cWorldCat record variable field(s) change: 655

