=LDR  00000cam a2200373Ia 4500
=001  990083055190203941
=008  971204s1996\\\\ku\abf\\\bm\\\000\0\eng\d
=035  \\$a(OCoLC)38036923
=040  \\$aOSU$beng$cOSU$dOCL$dOCLCQ$dZVP$dOCLCA$dOCLCF$dOCLCQ$dOCLCA$dOCLCQ$dOCLCO$dOCL$dOCLCO
=043  \\$aa-ye---
=050  \4$aHF3764$b.S42 1996
=100  1\$aShamrookh, Nayef Abdullah.
=245  14$aThe Commerce and trade of the Rasulids in the Yemen, 630-858/1231-1454 /$cby Nayef Abdullah al-Shamrookh.
=260  \\$aKuwait :$bN.A. al-Shamrookh,$c1996.
=300  \\$a398 pages :$billustrations, maps, color plates ;$c24 cm
=336  \\$atext$btxt$2rdacontent
=337  \\$aunmediated$bn$2rdamedia
=338  \\$avolume$bnc$2rdacarrier
=504  \\$aIncludes bibliographical references.
=502  \\$bPh. D.$cUniversity of Manchester$d1993
=650  \7$aCommerce.$2fast$0(OCoLC)fst00869279
=651  \0$aYemen (Republic)$xCommerce$xHistory.
=651  \7$aYemen (Republic)$2fast$0(OCoLC)fst01309629
=655  \2$aAcademic Dissertation
=655  \7$aAcademic theses.$2fast$0(OCoLC)fst01726453
=655  \7$aHistory.$2fast$0(OCoLC)fst01411628
=655  \7$aAcademic theses.$2lcgft
=655  \7$aThèses et écrits académiques.$2rvmgf
=900  \\$a008305519
=901  4\$aBOI4987
=903  \\$aMHBOI49874HU
=905  \\$aHF^3764
=991  \\$b2022-04-06$cWorldCat record variable field(s) change: 655

