=LDR  00000cam a22004934a 4500
=001  990083282520203941
=008  990812s2000\\\\nyu\\\\\\\\\\\001\0\eng\\
=010  \\$a   99043776 
=020  \\$a0767902793
=020  \\$a9780767902793
=035  \\$a(OCoLC)42397193
=040  \\$aDLC$beng$cDLC$dXY4$dBAKER$dBTCTA$dYDXCP$dIG#$dBDX$dOCLCF$dOCLCO$dOCLCQ$dTDS$dOCLCO$dOCL$dCCE$dOCLCQ$dCPO$dOCLCQ$dSDG$dOCLCO$dAAA$dOCLCO
=042  \\$apcc
=050  00$aTX833.5$b.A46 2000
=082  00$a641.5/55$221
=100  1\$aAnderson, Pam,$d1957-
=245  10$aHow to cook without a book :$brecipes and techniques every cook should know by heart /$cPam Anderson.
=250  \\$a1st ed.
=260  \\$aNew York :$bBroadway Books,$c2000.
=300  \\$a290 pages ;$c24 cm
=336  \\$atext$btxt$2rdacontent
=337  \\$aunmediated$bn$2rdamedia
=338  \\$avolume$bnc$2rdacarrier
=505  0\$aRight stuff: stocking the refrigerator, freezer, and pantry -- Whack and toss salads -- Paired salads: hold the lettuce -- Vinaigrette: Single vegetable's best bet -- One easy formula, many supper soups -- Quick in a cup, pureed vegetable soups -- Big fat omelet -- Big and bigger frittata -- Simple tomato sauce, scores of possibilities -- Pasta with vegetables: Firm vegetables -- Leafy greens -- Tender vegetables -- Weeknight ravioli and lasagna: Quick ravioli -- Quick lasagna -- Weeknight stir-fries -- More asian fast food: lo mein, fried rice, and pad thai -- If you've made one saute, you've made them all: Chicken cutlets -- Turkey cutlets -- Boneless pork chops -- Fish fillets -- Duck breasts -- Pan sauces -- Relishes -- If you can saute, you can sear: Steak -- Hamburger -- Pork tenderloin -- Salmon -- Fish steaks -- Scallops -- Flavored butters -- No-hassle roast chicken dinner: Quick chicken salad -- Steam/sauteed vegetables -- Steam/sauteed tender greens -- One potato, two potato, three potato, four: Cake -- Bake -- Mash -- Roast -- -- Simple ways with simple sides: Rice -- Orzo -- Polenta -- Couscous -- Spur-of-the-moment appetizers: Simplest -- Fruit and vegetable bases -- Little something more -- Just desserts: Puff pastry: your new best friend -- Assemble-and-serve desserts -- Menus at-a-glance -- Index.
=520  \\$aAnderson teaches a modern version of the lost art of cooking by heart. "How to Cook Without a Book" gives every cook the confidence to whip up delicious meals without making a special trip to the grocery store or deciphering long-winded, complicated recipes. Illustrations.
=650  \0$aQuick and easy cooking.
=650  \1$aCookery.
=650  \1$aNutrition.
=650  \6$aCuisine rapide.
=650  \7$aQuick and easy cooking.$2fast$0(OCoLC)fst01754367
=655  \0$aCookbooks.
=655  \2$aCookbook
=655  \7$acookbooks.$2aat
=655  \7$aCookbooks.$2fast$0(OCoLC)fst01752725
=655  \7$aCookbooks.$2lcgft
=655  \7$aLivres de cuisine.$2rvmgf
=900  \\$a008328252
=901  5\$aBOL2674
=903  \\$aMHBOL26745HU
=905  \\$aTX^0833
=991  \\$b2022-01-09$cWorldCat record variable field(s) change: 655
=991  \\$b2022-03-31$cWorldCat record variable field(s) change: 655
=991  \\$b2022-04-06$cWorldCat record variable field(s) change: 655

