=LDR  00000cam a2200589 i 4500
=001  990084051320203941
=008  010328s1997\\\\ja\a\\\\\c\\\s000\0\jpn\c
=035  \\$a(OCoLC)46612780$z(OCoLC)170118588
=040  \\$aMH-HY$beng$erda$cHMY$dTRCLS$dOCLCQ$dOCLCO$dZCU$dOCLCF$dOCL$dOCLCQ$dOCLCO
=042  \\$apcc
=043  \\$aa-ja---
=050  \4$aPL862.A25$bZ838 1997
=066  \\$c{dollar}1
=084  \\$a910.268$2njb/9
=130  0\$6880-01$aTachihara Masaaki ten (1997)
=880  0\$6130-01/{dollar}1$a立原正秋展 (1997)
=245  10$6880-02$aTachihara Masaaki ten /$chenshū Zaidan Hōjin Kanagawa Bungaku Shinkōkai.
=880  10$6245-02/{dollar}1$a立原正秋展 /$c編集財団法人神奈川文学振興会.
=264  \1$6880-03$aYokohama-shi :$bKenritsu Kanagawa Kindai Bungakkan :$bZaidan Hōjin Kanagawa Bungaku Shinkōkai,$c1997.
=880  \1$6264-03/{dollar}1$a横浜市 :$b県立神奈川近代文学館 :$b財団法人神奈川文学振興会,$c1997.
=300  \\$a63 pages :$billustrations ;$c26 cm
=336  \\$atext$btxt$2rdacontent
=336  \\$astill image$bsti$2rdacontent
=337  \\$aunmediated$bn$2rdamedia
=338  \\$avolume$bnc$2rdacarrier
=380  \\$aExhibition catalogs$2lcgft
=500  \\$aCatalog of exhibition held at Kanagawa Kindai Bungakkan, April 12-May 18, 1997.
=500  \\$aStatement of responsibility from colophon.
=650  \0$aAuthors, Japanese$yShōwa period, 1926-1989$vExhibitions.
=650  \6$aÉcrivains japonais$y1926-1989 (Ère Shōwa)$vExpositions.
=650  \7$aAuthors, Japanese$xShōwa period.$2fast$0(OCoLC)fst01711025
=655  \7$aexhibition catalogs.$2aat
=655  \7$aExhibition catalogs.$2fast$0(OCoLC)fst01424028
=655  \7$aExhibition catalogs.$2lcgft
=655  \7$aCatalogues d'exposition.$2rvmgf
=600  10$6880-05$aTachihara, Masaaki,$d1926-1980$vExhibitions.
=880  14$6600-05/{dollar}1$a立原正秋,$d1926-1980$vExhibitions.
=600  14$6880-04$aTachihara, Masāki.
=880  14$6600-04/{dollar}1$a立原正秋.
=600  17$aTachihara, Masaaki,$d1926-1980.$2fast$0(OCoLC)fst00082927
=648  \7$a1926-1989$2fast
=710  2\$6880-06$aKanagawa Bungaku Shinkōkai.
=880  2\$6710-06/{dollar}1$a神奈川文学振興会.
=710  2\$6880-07$aKanagawa Kindai Bungakkan.
=880  2\$6710-07/{dollar}1$a神奈川近代文学館.
=880  \\$6500-00/{dollar}1$a"略年譜:p60-61"--JaToTRC report.
=880  14$6600-00/{dollar}1$a立原正秋,$d1926-$vExhibitions.
=900  \\$a008405132
=901  8\$aBOU8752
=903  \\$aMHBOU87528HU
=991  \\$b2022-04-06$cWorldCat record variable field(s) change: 655

