=LDR  00000cam a2200685 a 4500
=001  990084738430203941
=006  m\\\\\q\\d\\\\\\\\
=007  co\|||||||||||
=008  010301s1999\\\\enka\\\\q\\\\\001\0deng\d
=010  \\$a  2001561038
=020  \\$a0192685783$q(single user version)
=020  \\$a9780192685780$q(single user version)
=020  \\$a0192687654$q(institutional network version)
=020  \\$a9780192687654$q(institutional network version)
=020  \\$a0192687646$q(user handbook)
=020  \\$a9780192687647$q(user handbook)
=024  3\$a9780192687654
=035  \\$a(OCoLC)43745396$z(OCoLC)49886933$z(OCoLC)49984591$z(OCoLC)51250259$z(OCoLC)535480555$z(OCoLC)963283761$z(OCoLC)971995295$z(OCoLC)972822513$z(OCoLC)988625464$z(OCoLC)1000943029$z(OCoLC)1049757725$z(OCoLC)1049800405$z(OCoLC)1050969395$z(OCoLC)1055835005$z(OCoLC)1069480910
=040  \\$aNZ1$beng$cNZ1$dEQO$dDLC$dOSU$dBAKER$dBTCTA$dYDXCP$dTXJ$dCFI$dOCLCF$dXFF$dFIE$dLVT$dUEJ$dNZ1$dAUM$dOCLCQ$dWAU$dLWA$dHUL$dOCLCO
=043  \\$ae-uk---
=050  00$aDA591.T47
=082  10$a941.085$213
=100  1\$aThatcher, Margaret.
=245  10$aMargaret Thatcher :$bcomplete public statements 1945-1990 /$c[general editor, Christopher Collins].
=250  \\$aWindows version 1.0.
=260  \\$aOxford :$bOxford University Press in association with Chesham Place Associates,$c1999.
=300  \\$a75 pages :$bcolor ;$c4 3/4 in. +$e1 handbook (75 pages : illustrations ; 21 cm) + 1 computer disc (3 1/2 in.).
=336  \\$atext$btxt$2rdacontent
=337  \\$aunmediated$bn$2rdamedia
=337  \\$acomputer$bc$2rdamedia
=338  \\$avolume$bnc$2rdacarrier
=338  \\$acomputer disc$bcd$2rdacarrier
=490  1\$aEUI cd-rom network.
=504  \\$aIncludes index (user handbook).
=520  \\$aCollection of more than 7,100 statements made by Margaret Thatcher and includes speeches, broadcasts, press conferences, interviews, and articles.
=538  \\$aSystem requirements: IBM PC (or fully compatible); minimum 80486 processor, 33MHz SX; 16MB RAM (32MB for Windows NT); Windows 3.1 or higher, Windows 95, Windows 98, or Windows NT 3.51 or 4.0 (Single user); Windows NT and Novell compatible (Network version); SVGA monitor set up to display 256 colours; CD-ROM drive (8-speed or better recommended) and MSCDEX 2.1 or higher; Microsoft mouse or compatible; 7MB hard disk space.
=500  \\$aTitle from opening screen.
=500  \\$aAccompanied by user handbook, errata slip, and errata disk; issued in box.
=500  \\$aIncludes index (user handbook).
=506  \\$aUse of this electronic resource may be governed by a license agreement which restricts use to the European University Institute community. Each user is responsible for limiting use to individual, non-commercial purposes, without systematically downloading, distributing, or retaining substantial portions of information, provided that all copyright and other proprietary notices contained on the materials are retained. The use of software, including scripts, agents, or robots, is generally prohibited and may result in the loss of access to these resources for the entire European University Institute community.
=650  \7$aPolitics and government$2fast$0(OCoLC)fst01919741
=651  \0$aGreat Britain$xPolitics and government$y1945-$vSources.
=651  \6$aGrande-Bretagne$xPolitique et gouvernement$y1945-$vSources.
=651  \7$aGreat Britain.$2fast$0(OCoLC)fst01204623
=655  \7$aReference works.$2fast$0(OCoLC)fst01919963
=655  \7$aSources.$2fast$0(OCoLC)fst01423900
=655  \7$aReference works.$2lcgft
=655  \7$aOuvrages de référence.$2rvmgf
=600  10$aThatcher, Margaret.
=600  17$aThatcher, Margaret.$2fast$0(OCoLC)fst00000002
=648  \7$aSince 1945$2fast
=776  08$iOnline version:$aThatcher, Margaret.$tMargaret Thatcher.$bWindows version 1.0.$dOxford : Oxford University Press in association with Chesham Place Associates, 1999$w(OCoLC)1086169334
=700  1\$aCollins, Christopher$c(Historian)
=830  \0$aEUI cd-rom network.
=900  \\$a008473843
=901  8\$aBPD3893
=903  \\$aMHBPD38938HU
=905  \\$aDA^0591
=991  \\$b2022-04-06$cWorldCat record variable field(s) change: 655

