=LDR  00000cam a2200565Ia 4500
=001  990085032630203941
=008  010402s2000\\\\gw\\\\\\\b\\\\000\0\ger\d
=015  \\$a00,N22,0102$2dnb
=016  7\$a958973210$2DE-101
=020  \\$a3826574117
=020  \\$a9783826574115
=035  \\$a(OCoLC)46669353
=040  \\$aOHX$beng$cOHX$dOCLCQ$dTEF$dHEBIS$dDEBBG$dOCL$dGBVCP$dOCLCF$dOCLCQ$dOCLCO$dDEBSZ$dOCLCO
=050  \4$aHV713$b.R53 2000
=072  \7$aHN$2lcco
=084  \\$aMS 1960$2rvk
=084  \\$aMS 6440$2rvk
=100  1\$aRichter, Antje.
=245  10$aWie erleben und bewältigen Kinder Armut? :$beine qualitative Studie über die Belastungen aus Unterversorgungslagen und ihre Bewältigung aus subjektiver Sicht von Grundschulkindern einer ländlichen Region /$cAntje Richter.
=260  \\$aAachen :$bShaker,$c2000.
=300  \\$aiii, 225, [38] pages ;$c21 cm.
=336  \\$atext$btxt$2rdacontent
=337  \\$aunmediated$bn$2rdamedia
=338  \\$avolume$bnc$2rdacarrier
=490  1\$aBerichte aus der Sozialwissenschaft
=504  \\$aIncludes bibliographical references (pages 209-223).
=500  \\$aOriginally presented as the author's thesis (doctoral)--Universität Oldenburg, 1999 under title: Unterversorgung von Kindern in einer ländlichen Region.
=650  \0$aPoor children$xSocial conditions.
=650  \0$aPoverty.
=650  \2$aPoverty
=650  \6$aEnfants pauvres$xConditions sociales.
=650  \6$aPauvreté.
=650  \7$apoverty.$2aat
=650  \7$aPoor children$xSocial conditions.$2fast$0(OCoLC)fst01071201
=650  \7$aPoverty.$2fast$0(OCoLC)fst01074093
=650  \7$aArmut$2gnd
=650  \7$aLebensbewältigung$2gnd
=650  \7$aDeutungsmuster$2gnd
=650  \7$aLändlicher Raum$2gnd
=650  \7$aKind$2gnd
=650  \7$aBewältigung$2gnd
=650  \7$aGrundschulkind$2gnd
=700  1\$aRichter, Antje.$tUnterversorgung von Kindern in einer ländlichen Region.
=830  \0$aBerichte aus der Sozialwissenschaft.
=900  \\$a008503263
=901  3\$aBPG9773
=903  \\$aMHBPG97733HU
=905  \\$aH^^0000
=991  \\$b2022-04-06$cWorldCat record variable field(s) change: 650

