=LDR  00000cam a22005414a 4500
=001  990085182150203941
=008  010312s2000\\\\nyua\\\\\\\\\\001\0\eng\c
=010  \\$a  2001274852
=020  \\$a0743202090
=020  \\$a9780743202091
=035  \\$a(OCoLC)45182621$z(OCoLC)964896953$z(OCoLC)989927776$z(OCoLC)1001928943$z(OCoLC)1039596602$z(OCoLC)1041477368$z(OCoLC)1042095782$z(OCoLC)1054961364$z(OCoLC)1107277341$z(OCoLC)1234441081$z(OCoLC)1237127004$z(OCoLC)1242260259$z(OCoLC)1246308554$z(OCoLC)1285009903$z(OCoLC)1305897411
=040  \\$aCLE$beng$cCLE$dDLC$dBAKER$dBTCTA$dYDXCP$dIG#$dABG$dFJD$dOCLCF$dOSU$dOCLCO$dGKX$dOCLCQ$dOCLCO$dQQ3$dWOM$dXZ9$dOCLCQ$dOCLCO$dSLR$dOCL$dOCLCO$dOCLCQ$dFIC$dAGL$dOCLCO
=042  \\$apcc
=050  00$aTX837$b.R784 2000
=070  0\$aTX837$b.R784 2000
=082  00$a641.5/636$221
=100  1\$aRombauer, Irma S.,$d1877-1962.
=245  10$aJoy of cooking.$pAll about vegetarian cooking /$cIrma S. Rombauer, Marion Rombauer Becker, Ethan Becker ; photography by Tucker & Hossler.
=246  30$aAll about vegetarian cooking
=246  17$aVegetarian cooking
=260  \\$aNew York :$bScribner,$c©2000.
=300  \\$a128 pages :$billustrations (some color) ;$c27 cm
=336  \\$atext$btxt$2rdacontent
=337  \\$aunmediated$bn$2rdamedia
=338  \\$avolume$bnc$2rdacarrier
=490  1\$aJoy of cooking all about series
=505  0\$aAbout vegetarian cooking -- About stocks & soups -- About salads -- About sandwiches, wraps & pizzas -- About vegetables -- About beans & tofu -- About pastas & grains -- About eggs.
=520  \\$aWhile keeping the conversational and instructional manner of "Joy of Cooking," this book is organized by ingredient and type of dish. Chapters include stocks and soups.
=650  \0$aVegetarian cooking.
=650  \6$aCuisine végétarienne.
=650  \7$aVegetarian cooking.$2fast$0(OCoLC)fst01754701
=653  \0$aCookbooks.
=655  \2$aCookbook
=655  \3$aInternet resource.
=655  \7$acookbooks.$2aat
=655  \7$aCookbooks.$2fast$0(OCoLC)fst01752725
=655  \7$aCookbooks.$2lcgft
=655  \7$aLivres de cuisine.$2rvmgf
=700  1\$aChild, Julia$eformer owner.$5sch
=700  1\$aBecker, Marion Rombauer.
=700  1\$aBecker, Ethan,$d1945-
=830  \0$aJoy of cooking all about series.
=900  \\$a008518215
=901  0\$aBPJ0432
=903  \\$aMHBPJ04320HU
=905  \\$aTX^0837
=991  \\$b2022-04-06$cWorldCat record variable field(s) change: 655

