=LDR  00000ccm a2200901 i 4500
=001  990085455520203941
=008  010828s1800\\\\enkbtl\\\\\\\\\n\\\\eng\c
=016  7\$a004469469$2Uk
=035  \\$a(OCoLC)47944035$z(OCoLC)497808512
=040  \\$aCUD$beng$erda$cCUD$dOCLCQ$dHHG$dUKMGB$dOCLCQ$dOCLCF$dOCLCO$dUBY$dOCL$dOCLCQ$dHUL$dOCLCA$dOCL$dOCLCO
=042  \\$apcc
=050  \4$aM218.L38$bN49 1800
=100  1\$aLatour, T.,$ecomposer.
=240  10$aRenaldo and Leonora.$pRondo;$oarranged
=245  12$aA new rondo :$bas performed by Mademoiselle Parisot, and danc'd by Madame Laborie with great applause in the favorite ballet of Renaldo and Leonora, at the King's Theatre, Haymarket /$ccomposed by Mr. Latour.
=264  \1$aLondon :$bPrinted & sold at Bland & Weller's music warehouse, 23, Oxford Street,$c[approximately 1800]
=300  \\$a1 score (5 pages) ;$c34 cm
=336  \\$anotated music$bntm$2rdacontent
=337  \\$aunmediated$bn$2rdamedia
=338  \\$avolume$bnc$2rdacarrier
=348  \\$ascore
=382  01$aviolin$n1$apiano$n1$s2$2lcmpt
=510  4\$aRISM (Répertoire international des sources musicales),$cA/I, LL 1058 I,194
=546  \\$bStaff notation.
=500  \\$aRondo for piano and violin.
=500  \\$aThe ballet (with choreography by D'Egville and music by C. Bossi) had its London premiere on 29 May 1800 at the King's Theatre; this was a benefit performance for Parisot, who accompanied a part of the dancing on the harp and piano.
=500  \\$aAt the bottom of page 3: "Mr. Latour, 33 Clipstone Street, Fitzroy Square."
=500  \\$aEngraved throughout.
=500  \\$aPrice 1s./6-
=650  \0$aViolin and piano music, Arranged.
=650  \0$aRondos.
=650  \0$aBallets$vExcerpts, Arranged$vScores.
=650  \0$aDance music$zEngland$zLondon.
=650  \6$aViolon et piano, Musique de, arr.
=650  \6$aRondos.
=650  \6$aBallets$vExtraits arr.$vPartitions.
=650  \6$aDanse, Musique de$zAngleterre$zLondres.
=650  \7$aDance music.$2fast$0(OCoLC)fst00887533
=650  \7$aBallets$xExcerpts, Arranged$xScores.$2fast$0(OCoLC)fst01905300
=650  \7$aBallets$xExcerpts, Arranged.$2fast$0(OCoLC)fst01424662
=650  \7$aRondos.$2fast$0(OCoLC)fst01100176
=650  \7$aViolin and piano music, Arranged.$2fast$0(OCoLC)fst01167406
=651  \7$aEngland$zLondon.$2fast$0(OCoLC)fst01204271
=655  \7$aexcerpts.$2aat
=655  \7$aScores.$2fast$0(OCoLC)fst01692898
=655  \7$aExcerpts.$2fast$0(OCoLC)fst01692837
=655  \7$aChamber music.$2fast$0(OCoLC)fst01726551
=655  \7$aArrangements (Music)$2fast$0(OCoLC)fst01920435
=655  \7$aBallets (Music)$2fast$0(OCoLC)fst01920016
=655  \7$aRondos.$2fast$0(OCoLC)fst01920327
=655  \7$aRondos.$2lcgft
=655  \7$aBallets (Music)$2lcgft
=655  \7$aArrangements (Music)$2lcgft
=655  \7$aExcerpts.$2lcgft
=655  \7$aScores.$2lcgft
=655  \7$aChamber music.$2lcgft
=655  \7$aRondos.$2rvmgf
=655  \7$aMusique de ballet.$2rvmgf
=655  \7$aArrangements (Musique)$2rvmgf
=655  \7$aExtraits.$2rvmgf
=655  \7$aPartitions (Musique)$2rvmgf
=655  \7$aMusique de chambre.$2rvmgf
=752  \\$aEngland$dLondon.
=700  1\$aCadogan, Charlotte,$cLady,$d1781-1853$eformer owner.$5the
=700  1\$aWoollett,$cMiss,$eformer owner.$5the
=710  2\$aJohn Milton and Ruth Neils Ward Collection (Harvard Theatre Collection)$5the
=730  0\$aRenaldo e Leonora (Choreographic work : Egville)
=710  2\$aBland & Weller,$epublisher.
=700  1\$iAugmentation of (work):$aBossi, Cesare,$d1773-1802.$tRenaldo e Leonora.
=700  1\$aEgville, J.-H. d',$echoreographer.
=700  1\$aParisot,$cMme,$edancer.
=700  1\$aLaborie,$cMadame,$dactive 1795?-1806,$edancer.
=886  2\$2ukmarc$a085$bSPK/MM/HM
=900  \\$a008545552
=901  2\$aBPM8208
=903  \\$aMHBPM82082HU
=991  \\$b2022-04-06$cWorldCat record variable field(s) change: 655

