=LDR  00000cam a2200385Ia 4500
=001  990086064530203941
=008  001009s2000\\\\it\a\\\\\\\\\\000\0\ita\d
=035  \\$a(OCoLC)45152854$z(OCoLC)50813835
=040  \\$aC3L$beng$cC3L$dOCLCQ$dEYM$dTEF$dOCLCF$dOCLCQ$dOCLCO
=045  \\$ax0x4
=050  \4$aPN1995$b.L83 2000
=082  14$a791
=100  1\$aLuciani, S. A.$q(Sebastiano Arturo),$d1884-1950.
=245  10$aVerso una nuova arte :$bil cinematografo /$cSebastiano Arturo Luciani ; a cura e con un'introduzione di Francesco Bolzoni.
=260  \\$aRoma :$bEdizioni della Cometa,$c2000.
=300  \\$a91 pages :$billustrations ;$c17 cm.
=336  \\$atext$btxt$2rdacontent
=337  \\$aunmediated$bn$2rdamedia
=338  \\$avolume$bnc$2rdacarrier
=490  1\$aArte e letteratura ;$v55
=530  \\$aAlso issued online.
=650  \0$aMotion pictures.
=650  \0$aCinematography.
=650  \2$aMotion Pictures
=650  \6$aCinéma.
=650  \7$aCinematography.$2fast$0(OCoLC)fst00861484
=650  \7$aMotion pictures.$2fast$0(OCoLC)fst01027285
=776  08$iOnline version:$aLuciani, S.A. (Sebastiano Arturo), 1884-1950.$tVerso una nuova arte.$dRoma : Edizioni della Cometa, 2000$w(OCoLC)606493457
=700  1\$aBolzoni, Francesco.
=830  \0$aArte e letteratura (Edizioni della cometa (Periodical)) ;$v55.
=900  \\$a008606453
=901  8\$aBPU7541
=903  \\$aMHBPU75418HU
=991  \\$b2022-04-06$cWorldCat record variable field(s) change: 650

