=LDR  00000cam a2200445Ia 4500
=001  990086082850203941
=008  001113s2000\\\\it\\\\\\\b\\\\000\0\ita\d
=020  \\$z8887675154
=035  \\$a(OCoLC)45353901
=040  \\$aC3L$beng$cC3L$dOCL$dOCLCQ$dTEF$dOCLCO$dOCLCQ$dOCLCF$dOCLCO
=045  \\$ax4x-
=050  \4$aBR121.2$b.B35 2000
=082  14$a261
=100  1\$aBallardini, Bruno,$d1954-
=245  10$aGesù lava più bianco, ovvero, Come la Chiesa inventò il marketing /$cBruno Ballardini.
=246  30$aCome la Chiesa inventò il marketing
=250  \\$a1. ed.
=260  \\$aRoma :$bMinimum fax,$c2000.
=300  \\$a174 pages ;$c17 cm.
=336  \\$atext$btxt$2rdacontent
=337  \\$aunmediated$bn$2rdamedia
=338  \\$avolume$bnc$2rdacarrier
=490  1\$aFiligrana ;$v25
=504  \\$aIncludes bibliographical references.
=650  \0$aChristianity.
=650  \0$aMarketing$xReligious aspects$xChristianity.
=650  \0$aEvangelistic work.
=650  \2$aChristianity
=650  \6$aChristianisme.
=650  \6$aÉvangélisation.
=650  \7$aChristianity.$2aat
=650  \7$aChristianity.$2fast$0(OCoLC)fst00859599
=650  \7$aEvangelistic work.$2fast$0(OCoLC)fst00917035
=830  \0$aFiligrana (Rome, Italy) ;$v25.
=900  \\$a008608285
=901  6\$aBPV2532
=903  \\$aMHBPV25326HU
=905  \\$aBV^0000
=991  \\$b2022-04-06$cWorldCat record variable field(s) change: 650

