=LDR  00000cam a22004694a 4500
=001  990086506020203941
=008  000906s2000\\\\nyu\\\\\\\\\\\000\j\eng\c
=020  \\$a0609806564$q(pbk.)
=020  \\$a9780609806562$q(pbk.)
=035  \\$a(OCoLC)44944127$z(OCoLC)53992782
=040  \\$aDPL$beng$cDPL$dOBE$dAU@$dRIOSL$dGO9$dOCLCF$dOCLCQ$dUKM$dDLC$dBAKER$dOCLCO$dMIQ$dSLR$dOCLCO$dOCL$dOCLCO
=042  \\$apcc
=050  \4$aPS648.E7$bA69 2000
=082  04$a813.6$221
=082  04$a808.8/03538$221
=245  00$aAqua erotica /$cedited by Mary Anne Mohanraj.
=250  \\$a1st ed.
=260  \\$aNew York :$bThree Rivers Press,$c©2000.
=300  \\$a204 pages ;$c18 cm
=336  \\$atext$btxt$2rdacontent
=337  \\$aunmediated$bn$2rdamedia
=338  \\$avolume$bnc$2rdacarrier
=505  0\$aI want / Mary Maxwell -- New House / Daniel James Cabrillo -- Hydrodynamica / Diane Kepler -- Nothing of him that doth fade / Poppy Z. Brite -- Watercolor / Poppy Z. Brite -- Watercolor / Thomas S. Roche -- Movemetns / Michael Hemmingson -- The little mermaid / Cecilia Tan -- In deep / Simon Sheppard -- Minarets / Barry Yourgrau -- Hot springs / Carol Queen -- Velvet Glove / Kristine Hawes -- Mer / Francesca Lia Block -- Naked woman playing Chopin / Louise Erdrich -- Gliuccioni and the River god / Heather Corinna -- Josie's rainy day man / Marcy Sheiner -- Addiction / William R. Burkett, Jr. -- Fisherman's friend / Tabitha Flyte -- Seven cups of water / Mary Anne Mohanra.
=520  \\$a"18 stories for a steamy bath"--Cover.
=500  \\$a"A Melcher Media Durabook."
=500  \\$a"18 stories for a steamy bath"--Cover.
=650  \0$aErotic stories, American.
=650  \7$aErotic stories, American.$2fast$0(OCoLC)fst00914962
=655  \0$aErotic stories.
=655  \7$ashort stories.$2aat
=655  \7$aShort stories.$2fast$0(OCoLC)fst01726740
=655  \7$aErotic fiction.$2fast$0(OCoLC)fst01726601
=655  \7$aShort stories.$2lcgft
=655  \7$aErotic fiction.$2lcgft
=655  \7$aNouvelles.$2rvmgf
=710  2\$aCenter for Sex and Culture (San Francisco, Calif.)$eformer owner.$5sch
=700  1\$aMohanraj, Mary Anne.
=900  \\$a008650602
=901  3\$aBQB2153
=903  \\$aMHBQB21533HU
=991  \\$b2022-04-06$cWorldCat record variable field(s) change: 655

