=LDR  00000cam a2200589 i 4500
=001  990086840010203941
=008  020801m20009999un\abc\\\b\\\\000\0cukr\\
=010  \\$a  2003420080
=020  \\$a9666680130$q(set)
=020  \\$a9789666680139$q(set)
=020  \\$a9667263665$q(t. 1)
=020  \\$a9789667263669$q(t. 1)
=020  \\$a9666680203$q(t. 2)
=020  \\$a9789666680207$q(t. 2)
=035  \\$a(OCoLC)55845786
=040  \\$aDLC$beng$erda$cDLC$dOCLCF$dOCLCO$dOCLCQ$dOCLCO$dOCL$dOCLCO$dWAU
=042  \\$apcc
=043  \\$ae-un---
=050  00$aDK508.9.I82$bR43 2000
=066  \\$c(N$c(Q
=245  00$6880-01$aReabilitovani istorii︠e︡i︠u︡.$pIvano-Frankivsʹka oblastʹ /$cupori︠a︡dnyk, avtor peredmovy Luk'i︠a︡n Vardzaruk.
=880  00$6245-01/(N$aРеабілітовані історією.$pІвано-Франківська область /$cупорядник, автор передмови Лук'ян Вардзарук.
=246  30$6880-02$aIvano-Frankivsʹka oblastʹ
=880  30$6246-02/(Q$aІвано-Франківська область
=264  \1$6880-03$aIvano-Frankivsʹk :$bLilei︠a︡-NV,$c2000-<2002>
=880  \1$6264-03/(Q$aІвано-Франківськ :$bЛілея-НВ,$c2000-<2002>
=300  \\$avolumes <1-3> :$billustrations, maps, portraits ;$c21 cm
=336  \\$atext$btxt$2rdacontent
=337  \\$aunmediated$bn$2rdamedia
=338  \\$avolume$bnc$2rdacarrier
=504  \\$aIncludes bibliographical references.
=505  1\$6880-04$aT. 1. Kolomyĭsʹkyĭ i Kosivsʹkyĭ raĭony -- t. 2. Misto Ivano-Frankivsʹk, Bohorodchansʹkyĭ, Verkhovynsʹkyĭ, Nadvirni︠a︡nsʹkyĭ raĭony -- t. 3. Dolynsʹkyĭ, Kalusʹkyĭ i Roz︠h︡ni︠a︡tivsʹkyĭ raĭony.
=880  1\$6505-04/(N$aТ. 1. Коломийський і Косівський райони -- т. 2. Місто Івано-Франківськ, Богородчанський, Верховинський, Надвірнянський райони -- т. 3. Долинський, Калуський і Рожнятівський райони.
=500  \\$a"U p'i︠a︡tʹokh tomakh"--Preliminary page.
=500  \\$aV. 3 published by Misto NV.
=650  \0$aPolitical persecution$zUkraine$zIvano-Frankivsʹka oblastʹ.
=650  \0$aPolitical rehabilitation$zUkraine$zIvano-Frankivsʹka oblastʹ.
=650  \7$aPolitical persecution.$2fast$0(OCoLC)fst01069448
=650  \7$aPolitical rehabilitation.$2fast$0(OCoLC)fst01069712
=651  \0$aIvano-Frankivsʹka oblastʹ (Ukraine)$vBiography.
=651  \0$aIvano-Frankivsʹka oblastʹ (Ukraine)$xHistory$vSources.
=651  \7$aUkraine$zIvano-Frankivsʹka oblastʹ$2fast$0(OCoLC)fst01216292
=655  \7$aBiographies.$2fast$0(OCoLC)fst01919896
=655  \7$aHistory.$2fast$0(OCoLC)fst01411628
=655  \7$aSources.$2fast$0(OCoLC)fst01423900
=700  1\$6880-05$aVardzaruk, L.$q(Luk'i︠a︡n),$eeditor.
=880  1\$6700-05/(N$aВардзарук, Л.$q(Лук'ян),$eeditor.
=900  \\$a008684001
=901  9\$aBQF7119
=903  \\$aMHBQF71199HU
=991  \\$b2022-04-06$cWorldCat record encoding level change - WorldCat record variable field(s) change: 505, 700

