=LDR  00000cam a2200445 a 4500
=001  990087256420203941
=008  020913s1999\\\\un\\\\\\\b\\\\000\0\ukro\
=010  \\$a  2002396433
=020  \\$a9660005067
=020  \\$a9789660005068
=035  \\$a(OCoLC)50250725
=040  \\$aDLC$beng$cDLC$dOCLCG$dOCLCF$dOCLCO$dOCLCQ$dOCLCO
=041  0\$aukr$beng$feng
=050  00$aKZ6369$b.N45 1999
=100  1\$aNelip, M. I.$q(Mykhaĭlo Ivanovych),$d1956-
=245  10$aSylovyĭ zakhyst prav li︠u︡dyny :$bpytanni︠a︡ lehitymnosti v suchasnomu miz︠h︡narodnomu pravi /$cM.I. Nelip, O.O. Merez︠h︡ko.
=246  15$aForcible protection of human rights
=250  \\$a2. vyd.
=260  \\$aKyïv :$bNauk. dumka,$c1999.
=300  \\$a187 pages ;$c22 cm
=336  \\$atext$btxt$2rdacontent
=337  \\$aunmediated$bn$2rdamedia
=338  \\$avolume$bnc$2rdacarrier
=504  \\$aIncludes bibliographical references (pages 177-186).
=546  \\$aText in Ukrainian, with summary and table of contents also in English.
=500  \\$aAuthorized for instructional purposes.
=650  \0$aHumanitarian intervention.
=650  \0$aHuman rights.
=650  \2$aHuman Rights
=650  \6$aDroit d'ingérence humanitaire.
=650  \6$aDroits de l'homme (Droit international)
=650  \7$aHuman rights.$2fast$0(OCoLC)fst00963285
=650  \7$aHumanitarian intervention.$2fast$0(OCoLC)fst00963572
=700  1\$aMerez︠h︡ko, O. O.$q(Oleksandr Oleksandrovych),$d1971-
=900  \\$a008725642
=901  1\$aBQL0867
=903  \\$aMHBQL08671HU
=905  \\$aKZ^6369
=991  \\$b2022-04-06$cWorldCat record variable field(s) change: 650

