=LDR  00000cam a2200397 a 4500
=001  990089343410203941
=008  040623s2002\\\\nyu\\\\\\\\\\\000\0\eng\d
=010  \\$a  2004300683
=020  \\$a0312306210
=020  \\$a9780312306212
=020  \\$a031298748X$q(pbk.)
=020  \\$a9780312987480$q(pbk.)
=035  \\$a(OCoLC)49303122$z(OCoLC)50751023$z(OCoLC)51678053
=040  \\$aORX$beng$cDLC$dORX$dPAD$dBAKER$dBTCTA$dYDXCP$dKAAUA$dVYG$dOCLCQ$dOCLCF$dOCLCQ$dOCL$dOCLCQ$dE9T$dILM$dOCLCQ$dOCLCO$dQT4$dOCL$dOCLCO
=041  1\$aeng$hger
=042  \\$alccopycat
=043  \\$an-us-ny
=050  00$aHV6432.7$b.I56 2002
=082  04$a973.931$221
=245  00$aInside 9-11 :$bwhat really happened /$cby the reporters, writers and editors of Der Spiegel magazine ; translated from the German by Paul De Angelis and Elisabeth Kaestner ; with contributions from Margot Dembo and Christopher Sultan.
=260  \\$aNew York :$bSt. Martin's Press,$c©2002.
=300  \\$axiv, 321 pages ;$c25 cm
=336  \\$atext$btxt$2rdacontent
=337  \\$aunmediated$bn$2rdamedia
=338  \\$avolume$bnc$2rdacarrier
=505  0\$aAttack from the North -- Attack from the South -- Search and rescue -- The hijackers and their helpers in Germany -- Chronology of the attacks -- Timetables of the hijacked flights -- Excerpts from the terrorist's manual -- Atta's last will -- Primer for terrorists on suicide missions -- The Bin Laden videotape.
=520  \\$aA reconstruction of the events of September 11, 2001 by a team of German journalists includes coverage of their investigation into the terrorists' identities; early interviews with firemen, police, and survivors; and rescue attempts.
=650  \0$aSeptember 11 Terrorist Attacks, 2001.
=650  \2$aSeptember 11 Terrorist Attacks
=650  \6$aAttentats du 11 septembre 2001, États-Unis.
=647  \7$aSeptember 11 Terrorist Attacks$d(2001)$2fast$0(OCoLC)fst01112794
=648  \7$a2001$2fast
=730  0\$aSpiegel (Hamburg, Germany)
=900  \\$a008934341
=991  \\$b2022-04-06$cWorldCat record variable field(s) change: 650

