=LDR  00000cam a2200529 a 4500
=001  990091578480203941
=008  030519s2003\\\\ne\a\\\\\b\\\\001\0\eng\c
=010  \\$a  2003283006
=015  \\$aGBA2U2502$2bnb
=016  7\$aB0309129$2bccb
=020  \\$a0444512683
=020  \\$a9780444512680
=035  \\$a(OCoLC)50937978
=040  \\$aUKM$beng$cUKM$dOHX$dAZS$dDLC$dBAKER$dNLGGC$dYDXCP$dUBA$dDEBBG$dBDX$dOCLCF$dOCLCO$dOCLCQ$dOCLCA$dUY0$dOCLCO
=042  \\$apcc
=050  00$aS494.5.S95$bV65 2003
=072  \7$aS$2lcco
=082  04$a630.2118$221
=082  00$a630/.1/5118$222
=084  \\$aLAN 048f$2stub
=084  \\$aLAN 049f$2stub
=084  \\$aZA 64000$2rvk
=100  1\$aVohnout, Karel D.
=245  10$aMathematical modeling for system analysis in agricultural research /$cKarel D. Vohnout.
=260  \\$aAmsterdam ;$aBoston :$bElsevier,$c2003.
=300  \\$axii, 437 pages :$billustrations ;$c25 cm
=336  \\$atext$btxt$2rdacontent
=337  \\$aunmediated$bn$2rdamedia
=338  \\$avolume$bnc$2rdacarrier
=504  \\$aIncludes bibliographical references (pages 431-432) and index.
=505  00$g1.$tThe Scope of System Analysis --$g1.1.$tThe Mathematical Concept of a System --$g1.2.$tClassification of Agricultural Systsms --$g1.3.$tUsing Linear Models in Agricultural Research --$g2.$tCharacteristic Values --$g2.1.$tSystems of Linear Equations --$g2.2.$tSolving Linear Systems --$g2.3.$tCharacteristic Equation, Roots and Vectors --$g3.$tThe Calculus Foundation of Modeling --$g3.1.$tSeries --$g3.2.$tFinite Differences --$g3.3.$tDifferentials --$g3.4.$tDifference Equations --$g3.5.$tDifferential Equations --$g4.$tSelected Transform Procedures --$g4.1.$tPartial Fraction Expansions --$g4.2.$tComplex Numbers --$g4.3.$tThe Laplace Transform --$g4.4.$tThe Z Transform --$g5.$tCurve Fitting and Evaluation --$g5.1.$tTheoretical Basis of Nonlinear Curve Fitting --$g5.2.$tComputation of the Model Parameters --$g5.3.$tEvaluation of the Mathematical Model and System Behavior --$g6.$tFramework for Modeling Agricultural Systems --$g6.1.$tThe system Variables --$g6.2.$tSystem Dynamics --$g6.3.$tResponse Functions --$g6.4.$tTransfer Functions --$g6.5.$tStructural Properties of Systems --$g7.$tStochastic Models of Systems --$g7.1.$tModeling of Stochastic Agricultural Systems --$g7.2.$tThe Powers of a Probability Matrix --$g7.3.$tMarkov Processes in Agricultural Research --$g7.4.$tRelationship Between Stochastic and Deterministic Models --$g8.$tDeterministic Models of Discrete Systems --$g8.1.$tRelationship Between Order and Dimension --$g8.2.$tSingle Input Linear Models --$g8.3.$tMultidimensional First Order Linear Models --$g8.4.$tFitting Models to Data of Discrete Systems --$g9.$tDeterministic Models of Continuous Systems --$g9.1.$tRelationship Between Order and Dimension --$g9.2.$tSingle Input Linear Models --$g9.3.$tMultidimensional Non Compartmental First Order Linear Models --$g9.4.$tCompartmental First Order Linear Models --$g9.5.$tFitting Models to Data of Continuous Systems --$g10.$tExperimental Tests for a System Analysis Problem --$g10.1.$tThe experimental Hypothesis --$g10.2.$tMathematical Models of the Response Functions --$g10.3.$tGeneration of Equations by Geometric Analysis --$g10.4.$tAssignment and Arrangement of Treatments --$gApp. A.$tMiscellaneous Matrix Concepts and Procedures --$gApp. B.$tBasal Concepts and Procedures in Calculus --$gApp. C.$tProbability Definitions and Formulas --$gApp. D.$tRules of Counting --$gApp. E.$tProbability Distributions --$gApp. F.$tMost Frequently Used Statistical Formulas --$gApp. G.$tTable of Laplace Transforms --$gApp. H.$tTable of Z Transforms --$gApp. I.$tThe Delta Function.
=650  \0$aAgricultural systems$xMathematical models.
=650  \0$aSystem analysis.
=650  \2$aSystems Analysis
=650  \6$aSystèmes agricoles$xModèles mathématiques.
=650  \6$aAnalyse de systèmes.
=650  \7$asystems analysis.$2aat
=650  \7$aAgricultural systems$xMathematical models.$2fast$0(OCoLC)fst00801328
=650  \7$aSystem analysis.$2fast$0(OCoLC)fst01141385
=650  \7$aAgrarforschung$2gnd
=650  \7$aMathematisches Modell$2gnd
=650  \7$aSystemanalyse$2gnd
=650  \7$aAgricultura (sistemas;análise)$2larpcal
=650  \7$aPesquisa agrícola (modelos matemáticos)$2larpcal
=900  \\$a009157848
=991  \\$b2022-04-06$cWorldCat record variable field(s) change: 650

