=LDR  00000cam a2200433Ia 4500
=001  990092714480203941
=008  030310s2002\\\\it\\\\\\\b\\\\001\0\ita\d
=020  \\$a884980380X
=020  \\$a9788849803808
=035  \\$a(OCoLC)51825203
=040  \\$aC3L$beng$cC3L$dTEF$dHEBIS$dOCLCF$dOCLCQ$dOCLCO
=045  \\$ax4x-
=050  \4$aHE7551$b.P48 2002
=082  14$a302
=100  1\$aPeticca, Sara.
=245  13$aIl linguaggio dell'e-mail /$cSara Peticca.
=260  \\$aSoveria Mannelli :$bRubbettino,$c2002.
=300  \\$a163 pages ;$c21 cm.
=336  \\$atext$btxt$2rdacontent
=337  \\$aunmediated$bn$2rdamedia
=338  \\$avolume$bnc$2rdacarrier
=490  1\$aLa politica ;$v50
=504  \\$aIncludes bibliographical references (pages 145-155) and index.
=650  \0$aElectronic mail systems.
=650  \0$aElectronic mail messages.
=650  \0$aCommunication and technology.
=650  \2$aElectronic Mail
=650  \6$aCourrier électronique.
=650  \6$aCommunication et technologie.
=650  \7$aelectronic mail.$2aat
=650  \7$aCommunication and technology.$2fast$0(OCoLC)fst00870044
=650  \7$aElectronic mail messages.$2fast$0(OCoLC)fst00907328
=650  \7$aElectronic mail systems.$2fast$0(OCoLC)fst00907333
=650  \7$aE-Mail$2gnd
=650  \7$aTextsorte$2gnd
=830  \0$aPolitica (Soveria Mannelli, Italy) ;$v50.
=900  \\$a009271448
=991  \\$b2022-04-06$cWorldCat record variable field(s) change: 650

