=LDR  00000cam a22005654a 4500
=001  990097327350203941
=008  040126s2005\\\\nyua\\\\\b\\\\001\0\eng\\
=010  \\$a  2004001650
=015  \\$aGBA3V7455$2bnb
=016  7\$a006890738$2Uk
=020  \\$a1580461476$q(hardcover ;$qalk. paper)
=020  \\$a9781580461474$q(hardcover ;$qalk. paper)
=035  \\$a(OCoLC)53443164$z(OCoLC)61667972$z(OCoLC)1022602092
=040  \\$aDLC$beng$cDLC$dBAKER$dBTCTA$dYDXCP$dUKM$dHEBIS$dOCLCQ$dILU$dBDX$dOCLCF$dOCLCQ$dOCLCO$dOCL$dOCLCQ$dUKMGB$dQE2$dERE
=042  \\$apcc
=043  \\$an-us---$ae-pl---
=050  00$aML27.U5$bP65 2005
=055  \3$aML27.U5$b.B54 2005
=082  00$a305.891/85073$222
=100  1\$aBlejwas, Stanislaus A.
=245  14$aThe Polish Singers Alliance of America, 1888-1998 :$bchoral patriotism /$cStanislaus A. Blejwas.
=260  \\$aRochester, NY :$bUniversity of Rochester Press,$c2005.
=300  \\$axxviii, 351 pages :$billustrations ;$c24 cm.
=336  \\$atext$btxt$2rdacontent
=337  \\$aunmediated$bn$2rdamedia
=338  \\$avolume$bnc$2rdacarrier
=490  1\$aRochester studies in Central Europe,$x1528-4808
=504  \\$aIncludes bibliographical references (pages 331-343) and index.
=505  00$g"To sing out the future of our beloved fatherland" --$tPieśni o ziemi naszej (Songs of our land) --$tThe convention of "unhappy memory" --$gActive duty --$gCultural care --$tWorld War II and a new immigration --$tThe Czechlewski years: the ideological organization redefined --$tPolish American choral culture --$g"Let Poland be Poland!" --$tQuo vadis Polish song in North America? --$gAppendices.$gPSAA national officers ;$gNational conventions ;$gIndividual choirs ;$gHonorary members ;$tCompositions of Antoni Mallek celebrating the Holy Trinity immigrant neighborhood in Chicago ;$gMembership ;$gHolland trophy winners ;$gChildren's choirs ;$gSelected biographies ;$tCompetition songs, winning choirs, and free selection at National Conventions of the Polish Singers Alliance of America ;$tGuest artists and selections performed at national and international conventions of the Polish Singers Alliance of America, 1905-1998 ;$gSongs sung by choirs at concerts of the national and international conventions of the Polish Singers Alliance of America ;$gPSAA districts and choirs - 1999.
=520  1\$a"This book examines the history of the Polish Singers Alliance of America (PSAA) as an ideological organization. As a case study of an immigrant cultural organization that evolved demographically into an ethnic organization of the succeeding generations, it documents the extent to which the politics of the homeland engaged an immigrant and ethnic community over a century. This is a study of immigrant nationalism, as articulated by immigrant and ethnic singing societies. The survival of the Polish Singers Alliance as an ideological organization suggests considerations about the ability of an immigrant and ethnic culture to resist and to adapt to America's assimilative powers."--Jacket.
=650  \0$aChoral societies$zUnited States.
=650  \0$aPolish Americans$xEthnic identity.
=650  \7$aChoral societies.$2fast$0(OCoLC)fst00858549
=650  \7$aPolish Americans$xEthnic identity.$2fast$0(OCoLC)fst01068877
=650  \7$aPolitics and government$2fast$0(OCoLC)fst01919741
=650  07$aGesangverein.$2swd
=651  \0$aPoland$xHistory.
=651  \0$aPoland$xPolitics and government.
=651  \7$aPoland.$2fast$0(OCoLC)fst01206891
=651  \7$aUnited States.$2fast$0(OCoLC)fst01204155
=651  \7$aUSA.$2swd
=651  \7$aPolen <Volksgruppe>$2swd
=610  20$aPolish Singers Alliance of America$xHistory.
=610  27$aPolish Singers Alliance of America.$2fast$0(OCoLC)fst00686517
=610  27$aPolish Singers Alliance of America.$2swd
=655  \7$aHistory.$2fast$0(OCoLC)fst01411628
=830  \0$aRochester studies in Central Europe.$x1528-4808
=900  \\$a009732735
=991  \\$b2022-04-06$cWorldCat record variable field(s) change: 505

