=LDR  00000cgm a2201681Ii 4500
=001  990097756410203941
=007  vd\bvaizm
=008  000523t19991943cau103\g\\\\\\\\\\vleng\d
=020  \\$a079074399X$q(DVD)
=020  \\$a9780790743998$q(DVD)
=020  \\$a0790743132
=020  \\$a9780790743134
=020  \\$a1419895184
=020  \\$a9781419895180
=020  \\$a0792833678
=020  \\$a9780792833673
=020  \\$a0780693507
=020  \\$a9780780693500
=020  \\$a2569500828
=020  \\$a9782569500825
=020  \\$a0790772302
=020  \\$a9780790772301
=024  10$a012569500822
=024  1\$a883929112920
=024  1\$a027616626196
=024  8\$a1256950082
=024  1\$a883929243716
=024  8\$a7321900650083
=028  42$a65008$bWarner Home Video
=035  \\$a(OCoLC)44103110$z(OCoLC)43808290$z(OCoLC)760069915$z(OCoLC)903414200$z(OCoLC)966546554$z(OCoLC)970725657$z(OCoLC)982307556$z(OCoLC)988007320$z(OCoLC)990716142$z(OCoLC)999452963$z(OCoLC)1000111608$z(OCoLC)1001832106$z(OCoLC)1003651573$z(OCoLC)1005943774$z(OCoLC)1014224833$z(OCoLC)1014291357$z(OCoLC)1015694434$z(OCoLC)1032033607$z(OCoLC)1034886530$z(OCoLC)1039382986$z(OCoLC)1039997614$z(OCoLC)1041671835$z(OCoLC)1043528097$z(OCoLC)1049273778$z(OCoLC)1049855188$z(OCoLC)1050145003$z(OCoLC)1060532993$z(OCoLC)1060747684$z(OCoLC)1065739559$z(OCoLC)1076606515$z(OCoLC)1078018213$z(OCoLC)1078902809$z(OCoLC)1083384997$z(OCoLC)1084283301$z(OCoLC)1089601075$z(OCoLC)1096314523$z(OCoLC)1124106917$z(OCoLC)1139652283$z(OCoLC)1140200414$z(OCoLC)1144674257$z(OCoLC)1154942027$z(OCoLC)1156744474$z(OCoLC)1157142122$z(OCoLC)1201020852$z(OCoLC)1201621512$z(OCoLC)1201860830$z(OCoLC)1201887717$z(OCoLC)1201973844$z(OCoLC)1227404601
=037  \\$a65008$bTurner Entertaiment Co./Warner Home Video
=040  \\$aBKL$beng$erda$cBKL$dOLN$dIHI$dUV{dollar}$dONU$dJED$dOCLCQ$dJED$dRCS$dOCLCQ$dOCLCG$dOCLCQ$dBTCTA$dSNU$dABG$dCIN$dCNMBL$dOCLCQ$dTNF$dMEAUC$dOCLCQ$dOCLCO$dWAU$dOCLCA$dOCLCF$dCCY$dOCLCA$dOCL$dOVY$dOCLCO$dOCL$dA7U$dOCLCO$dCUS$dOCLCQ$dOCL$dTWP$dTXGPM$dMWM$dOCLCQ$dOCLCO$dFIC$dGRR$dSFR$dWAU$dOCL$dOCLCA$dITJCU$dZEM$dLNC$dNMC$dOCLCQ$dTYC$dOCLCA$dXFG$dOCLCA$dINT$dOCLCQ$dOCLCO$dOCLCQ$dWYU$dLVT$dZLF$dZGR$dCNO$dOCLCO$dWUV$dTFW$dOCLCO$dQY8$dOCLCO$dROB$dOCLCO$dLKC$dDKC$dOCLCO$dTL4$dOCLCO$dSXQ$dJX5$dOCLCO$dNJT$dOCLCO$dOCL$dOCLCQ$dLMJ$dPUG$dGZN$dUTP$dVXO$dTJC$dZQP$dG8V$dRC9$dAVR$dGAT$dMLA$dEHK$dCHBRC$dOCL$dOCLCQ$dOCL$dOCLCA$dPAU$dMNT$dVRC$dOCLCO$dB@L$dCUS$dOCLCQ$dOCL$dOCLCO$dCDN$dAZZPT
=041  1\$aeng$afre$heng$jeng$jfre$heng$peng$heng
=043  \\$af-mr---
=046  \\$k1942$2edtf
=050  \4$aPN1997$b.C373 1999
=050  \4$aPN1995.9.F54$bC352 1999
=082  04$a791.43/72$222
=130  0\$aCasablanca (Motion picture)
=245  10$a"Casablanca" /$cWarner Bros. Pictures Inc. (Jack L. Warner, executive producer) presents ; a Warner Bros.-First National picture ; screen play by Julius J. and Philip G. Epstein and Howard Koch ; a Hal B. Wallis production ; directed by Michael Curtiz.
=250  \\$aStandard version.
=257  \\$aUnited States$2naf
=264  \1$aBurbank, CA :$bWarner Home Video,$c[1999]
=264  \2$aBurbank, CA :$bavailable from Warner Home Video, a Time Warner Entertainment Company
=264  \4$c©1943
=300  \\$a1 videodisc (103 min.) :$bsound, black and white ;$c4 3/4 in.
=336  \\$atwo-dimensional moving image$btdi$2rdacontent$0http://rdaregistry.info/termList/RDAContentType/1023
=337  \\$avideo$bv$2rdamedia$0http://rdaregistry.info/termList/RDAMediaType/1008
=338  \\$avideodisc$bvd$2rdacarrier$0http://rdaregistry.info/termList/RDACarrierType/1060
=340  \\$aplastic$2rdamat$0http://rdaregistry.info/termList/RDAMaterial/1029
=340  \\$b4 3/4 in.
=340  \\$dstamping$2rdapm
=340  \\$gmonochrome$2rdacc
=344  \\$adigital$2rdatr
=344  \\$boptical$2rdarm
=344  \\$gmono$2rdacpc
=344  \\$hDolby Digital
=346  \\$bNTSC$2rdabs
=347  \\$avideo file$2rdaft
=347  \\$bDVD video
=347  \\$eregion 1$2rdare
=380  \\$aMotion pictures$2lcgft
=505  0\$aDisc 1. Casablanca -- Disc 2. Bonus materials.
=520  \\$aIn World War II Morocco, seething with European refugees desperate for passage to neutral Lisbon, only a world-weary and bitter nightclub owner can help his former lover and her Resistance-hero husband escape from the Nazis.
=520  \\$a"Casablanca: easy to enter, but much harder to leave, especially if your name is on the Nazi's most-wanted list. Atop that list is Czech Resistance leader Victor Laszlo ... whose only hope is Rick Blaine ... a cynical American who sticks his neck out for no one ... especially Victor's wife Ilsa...the ex-lover who broke his heart. So when Ilsa offers herself in exchange for Laszlo's safe transport out of the country, the bitter Rick must decide what's more important--his own happiness or the countless lives that hang in the balance."--$cContainer.
=546  \\$aIn English; with dubbed French soundtrack; with optional subtitles in English or French.
=511  1\$aHumphrey Bogart, Ingrid Bergman, Paul Henreid, Claude Rains, Conrad Veidt, Sydney Greenstreet, Peter Lorre.
=518  \\$a"Filming dates: 25 May 1942-3 August 1942"--IMDb, viewed on January 26, 2021.
=521  8\$aMPAA rating: PG.
=532  1\$aClosed captioning in English
=538  \\$aDVD; NTSC, Region 1; dual-layer, standard version; fullscreen presentation; Dolby digital mono.
=586  \\$aAcademy Award, 1943: Best picture; Best director (Curtiz); Best writing, screenplay (Epstein, Epstein, Koch)
=500  \\$aBased on the play "Everybody comes to Rick's" by Murray Burnett and Joan Alison.
=500  \\$aOriginally released as a motion picture in 1942.
=500  \\$aEdition statement from container.
=500  \\$a"Program content & photography © 1943 Turner Entertainment Co., a Time Warner Company. Package artwork, design & summary © 1999 Turner Entertainment Co. and Warner Home Video."--Container.
=500  \\$a"Copyright MCMXLII"--Title credits.
=500  \\$aFull screen.
=506  \\$aFor private home use only.
=508  \\$aDirector of photography, Arthur Edeson ; editor, Owen Marks ; music, Max Steiner.
=630  04$aCasablanca (Motion picture).
=600  17$aBurnett, Murray.$2fast$0(OCoLC)fst01471009
=647  \7$aWorld War$d(1939-1945)$2fast$0(OCoLC)fst01180924
=648  \7$a1900-1999$2fast
=650  \0$aWorld War, 1939-1945$xRefugees$vDrama.
=650  \0$aWorld War, 1939-1945$xUnderground movements$vDrama.
=650  \0$aMan-woman relationships$vDrama.
=650  \6$aGuerre mondiale, 1939-1945$xRéfugiés$vFilms.
=650  \6$aGuerre mondiale, 1939-1945$xMouvements de résistance$vFilms.
=650  \7$aMan-woman relationships.$2fast$0(OCoLC)fst01007080
=650  \7$aRefugees.$2fast$0(OCoLC)fst01092797
=650  \7$aUnderground movements, War.$2fast$0(OCoLC)fst01355184
=651  \0$aMorocco$xHistory$y20th century$vDrama.
=651  \6$aMaroc$xHistoire$y20e siècle$vFilms.
=651  \7$aMorocco.$2fast$0(OCoLC)fst01205592
=653  \\$aGuerre mondiale, 1939-1945$aRéfugiés$aDrame
=655  \0$aVideodiscs.
=655  \7$aFiction films.$2fast$0(OCoLC)fst01710264
=655  \7$aFilms for the hearing impaired.$2fast$0(OCoLC)fst01710386
=655  \7$aRomance films.$2fast$0(OCoLC)fst01710332
=655  \7$aDrama.$2fast$0(OCoLC)fst01423879
=655  \7$aFeature films.$2fast$0(OCoLC)fst01710384
=655  \7$aFilm adaptations.$2fast$0(OCoLC)fst01710491
=655  \7$aHistory.$2fast$0(OCoLC)fst01411628
=655  \7$aVideo recordings for the hearing impaired.$2fast$0(OCoLC)fst01710450
=655  \7$aWar films.$2fast$0(OCoLC)fst01710402
=655  \7$aWar films.$2gsafd
=655  \7$aFeature films.$2gsafd
=655  \7$aWar films.$2lcgft
=655  \7$aRomance films.$2lcgft
=655  \7$aFilm adaptations.$2lcgft
=655  \7$aFeature films.$2lcgft
=655  \7$aFiction films.$2lcgft
=655  \7$aVideo recordings for the hearing impaired.$2lcgft
=655  \7$aFeature.$2migfg
=655  \7$aAdaptation.$2migfg
=655  \7$aRomance.$2migfg
=710  2\$aWarner Bros. Pictures (1923-1967),$eproduction company,$epresenter.
=710  2\$aWarner Home Video (Firm),$epublisher,$efilm distributor.
=730  02$iContainer of (expression):$aCasablanca (Motion picture).$lEnglish.
=730  02$iContainer of (expression):$aCasablanca (Motion picture).$lFrench.
=740  02$a"Casablanca": you must remember this.
=700  1\$aEpstein, Julius J.,$d1909-2000,$escreenwriter.
=700  1\$aEpstein, Philip G.,$escreenwriter.
=700  1\$aKoch, Howard,$escreenwriter.
=700  1\$aCurtiz, Michael,$d1886-1962,$efilm director.
=700  1\$aWallis, Hal B.,$d1899-1986,$efilm producer.
=700  1\$aBogart, Humphrey,$d1899-1957,$eactor.
=700  1\$aBergman, Ingrid,$d1915-1982,$eactor.
=700  1\$aHenreid, Paul,$eactor.
=700  1\$aRains, Claude,$d1889-1967,$eactor.
=700  1\$aVeidt, Conrad,$d1893-1943,$eactor.
=700  1\$aGreenstreet, Sydney,$eactor.
=700  1\$aLorre, Peter,$eactor.
=700  1\$aEdeson, Arthur,$d1891-1970,$edirector of photography.
=700  1\$aMarks, Owen,$eeditor of moving image work.
=700  1\$aSteiner, Max,$d1888-1971,$ecomposer (expression)
=700  1\$iMotion picture adaptation of (work):$aBurnett, Murray.$tEverybody comes to Rick's.
=830  \0$aAFI's 100 years, 100 movies ;$vno. 2.
=900  \\$a009775641
=905  \\$aPN^0000
=991  \\$b2022-04-06$cWorldCat record variable field(s) change: 505

