=LDR  00000cam a2200853 i 4500
=001  990115929910203941
=008  041102r20041955nyu\\\\\\b\\\\000\f\eng\\
=010  \\$a  2004559911
=020  \\$a0143039024$q(paperback)
=020  \\$a9780143039020$q(paperback)
=024  3\$a9780143039020$d51400
=035  \\$a(OCoLC)56808713$z(OCoLC)56814484$z(OCoLC)1079946170$z(OCoLC)1084561340$z(OCoLC)1166443265$z(OCoLC)1166446523$z(OCoLC)1201966532
=040  \\$aDLC$beng$erda$cDLC$dBAKER$dBTCTA$dYDXCP$dPL#$dCUY$dFMF$dBDX$dEDK$dOCLCF$dFIC$dOCLCO$dOCLCQ$dOCLCO$dCNWLU$dJOY$dIOU$dTXSVP$dOCLCA$dTXBWN$dEUQ$dOCLCQ$dOCLCO$dOCLCQ$dLKC$dOCLCO$dOKX$dOCLCO$dZQP$dTXUPP$dOCLCO$dBUF$dOCLCO$dDGW$dOCLCO$dOCL$dFCL$dOCLCO$dFAF$dOCLCO$dASR$dOCLCO$dCPA$dOCLCO$dUOO$dOCLCO$dZFC$dOCLCO
=043  \\$aai-----$aa-vt---
=050  00$aPR6013.R44$bQ5 2004
=082  00$a823/.912$222
=100  1\$aGreene, Graham,$d1904-1991,$eauthor.
=245  14$aThe quiet American /$cGraham Greene ; introduction by Robert Stone.
=250  \\$aDeluxe edition.
=264  \1$aNew York :$bPenguin Books,$c2004.
=264  \4$3Introduction,$c©2004
=264  \4$c©1955
=300  \\$axx, 180 pages ;$c22 cm.
=336  \\$atext$btxt$2rdacontent
=337  \\$aunmediated$bn$2rdamedia
=338  \\$avolume$bnc$2rdacarrier
=490  1\$aPenguin Classics
=490  1\$aPenguin Classics deluxe edition
=504  \\$aIncludes bibliographical references (pages xix-xx).
=505  0\$aIntroduction / Robert Stone -- Suggestions for further reading / Michael Gorra -- Quiet American.
=520  \\$aThis novel is a study of New World hope and innocence set in an Old World of violence. The scene is Saigon in the violent years when the French were desperately trying to hold their footing in the Far East. The principal characters are a skeptical British journalist, his attractive Vietnamese mistress, and an eager young American sent out by Washington on a mysterious mission.
=500  \\$a"Graham Greene centennial, 1904-2004"--Cover.
=500  \\$a"First published in Great Britain by William Heinemann Ltd 1955 ... This edition with an introduction by Robert Stone published in Penguin Books (U.S.A.) 2004"--Title page verso.
=650  \0$aIndochinese War, 1946-1954$vFiction.
=650  \0$aTriangles (Interpersonal relations)$vFiction.
=650  \0$aAmericans$zIndochina$vFiction.
=650  \0$aBritish$zIndochina$vFiction.
=650  \0$aWar correspondents$vFiction.
=650  \6$aGuerre d'Indochine, 1946-1954$vRomans, nouvelles, etc.
=650  \6$aTriangle (Relations humaines)$vRomans, nouvelles, etc.
=650  \6$aBritanniques$zIndochine$vRomans, nouvelles, etc.
=650  \6$aCorrespondants de guerre$vRomans, nouvelles, etc.
=650  \7$aAmericans.$2fast$0(OCoLC)fst00807488
=650  \7$aBritish.$2fast$0(OCoLC)fst00839044
=650  \7$aTriangles (Interpersonal relations)$2fast$0(OCoLC)fst01156439
=650  \7$aWar correspondents.$2fast$0(OCoLC)fst01170456
=651  \0$aIndochina$vFiction.
=651  \0$aVietnam$vFiction.
=651  \1$aVietnam$vFiction.
=651  \6$aIndochine$vRomans, nouvelles, etc.
=651  \7$aIndochina.$2fast$0(OCoLC)fst01243492
=651  \7$aVietnam.$2fast$0(OCoLC)fst01204778
=655  \0$aPsychological fiction.
=655  \7$aFiction.$2fast$0(OCoLC)fst01423787
=655  \7$aPolitical fiction.$2fast$0(OCoLC)fst01726702
=655  \7$aPsychological fiction.$2fast$0(OCoLC)fst01726481
=655  \7$aWar stories.$2gsafd
=655  \7$aPsychological fiction.$2lcgft
=655  \7$aPolitical fiction.$2lcgft
=655  \7$aPsychological fiction.$2lcsh
=647  \7$aIndochinese War$d(1946-1954)$2fast$0(OCoLC)fst00970511
=648  \7$a1946-1954$2fast
=776  08$iOnline version:$aGreene, Graham, 1904-1991.$tQuiet American.$dNew York : Penguin Books, 2004$w(OCoLC)657310461
=700  1\$aStone, Robert,$d1937-2015,$ewriter of introduction.
=830  \0$aPenguin classics.
=830  \0$aPenguin classics deluxe edition.
=900  \\$a011592991
=991  \\$b2022-01-07$cWorldCat record variable field(s) change: 655
=991  \\$b2022-01-25$cWorldCat record variable field(s) change: 655
=991  \\$b2022-01-26$cWorldCat record variable field(s) change: 655
=991  \\$b2022-01-30$cWorldCat record variable field(s) change: 655
=991  \\$b2022-02-02$cWorldCat record variable field(s) change: 655
=991  \\$b2022-04-06$cWorldCat record variable field(s) change: 655

