=LDR  00000cam a2200409I  4500
=001  990125150120203941
=008  920113s1954\\\\enk\\\\\\\\\\\001\0\eng\d
=035  \\$a(OCoLC)25100531$z(OCoLC)1029909131$z(OCoLC)1184564837
=040  \\$aMDB$beng$cMDB$dOCLCQ$dUPM$dOCLCQ$dOCLCF$dOCLCO$dOCLCQ$dIYU$dSLR$dERL$dTJCBL$dOCLCO$dOCL$dOCLCA$dOCLCO
=050  14$aTX721$b.H64 1954
=100  1\$aHowe, Robin,$d1908-
=245  10$aGerman cooking.
=250  \\$aRev. and enl. ed.
=260  \\$a[London]$bA. Deutsch$c[1954]
=300  \\$a223 pages$c19 cm
=336  \\$atext$btxt$2rdacontent
=337  \\$aunmediated$bn$2rdamedia
=338  \\$avolume$bnc$2rdacarrier
=490  1\$aAndre Deutsch cookery books
=650  \0$aCooking, German.
=650  \0$aCooking.
=650  \2$aCooking
=650  \6$aCuisine allemande.
=650  \6$aCuisine.
=650  \7$arecipes.$2aat
=650  \7$aCooking, German.$2fast$0(OCoLC)fst01753327
=655  \2$aCookbook
=655  \7$acookbooks.$2aat
=655  \7$aCookbooks.$2fast$0(OCoLC)fst01752725
=655  \7$aCookbooks.$2lcgft
=655  \7$aLivres de cuisine.$2rvmgf
=700  1\$aChild, Julia$eformer owner.$5sch
=830  \0$aAndre Deutsch cookery books.
=900  \\$a012515012
=991  \\$b2022-01-18$cWorldCat record variable field(s) change: 650
=991  \\$b2022-04-06$cWorldCat record variable field(s) change: 650, 655

