=LDR  00000cas a2200529Ia 4500
=001  990151751700203941
=008  030828c19739999nyubr\p\\\\\\\0\\\\0eng\d
=035  \\$a(OCoLC)52935570
=040  \\$aCSL$beng$cCSL$dOCLCQ$dUCW$dOCLCF$dOCLCQ$dUOK$dMNU$dOCL$dTXA$dOCL$dOCLCO
=050  \4$aHQ79$b.E954
=245  00$aPro·me·thee·us :$bsexual minorities report /$cEulenspiegel Society.
=246  3\$aPrometheus
=246  3\$aPrometheeus
=264  \1$aNew York, N.Y. :$bEulenspiegel Society,$c[1973]-
=300  \\$avolumes :$billustrations ;$c28-42 cm
=336  \\$atext$btxt$2rdacontent
=337  \\$aunmediated$bn$2rdamedia
=338  \\$avolume$bnc$2rdacarrier
=362  0\$aSpecial introductory issue-
=588  1\$aNo. 5 <June 1975>.
=650  \0$aSexual freedom$vPeriodicals.
=650  \0$aSexual dominance and submission$vPeriodicals.
=650  \0$aSadomasochism$vPeriodicals.
=650  \0$aBondage (Sexual behavior)$vPeriodicals.
=650  \0$aLeather lifestyle$vPeriodicals.
=650  \6$aLiberté sexuelle$vPériodiques.
=650  \6$aDomination et soumission (Sexualité)$vPériodiques.
=650  \6$aSadomasochisme$vPériodiques.
=650  \6$aBondage$vPériodiques.
=650  \7$aSexual freedom.$2fast$0(OCoLC)fst01740172
=650  \7$aSexual dominance and submission.$2fast$0(OCoLC)fst01114834
=650  \7$aBondage (Sexual behavior)$2fast$0(OCoLC)fst00835873
=650  \7$aLeather lifestyle.$2fast$0(OCoLC)fst00995153
=650  \7$aSadomasochism.$2fast$0(OCoLC)fst01103309
=655  \2$aPeriodical
=655  \7$aperiodicals.$2aat
=655  \7$aZines.$2fast$0(OCoLC)fst01919987
=655  \7$aPeriodicals.$2fast$0(OCoLC)fst01411641
=655  \7$aPeriodicals.$2lcgft
=655  \7$aZines.$2lcgft
=655  \7$aPériodiques.$2rvmgf
=655  \7$aZines.$2rvmgf
=710  2\$aEulenspiegel Society,$eissuing body.
=710  2\$aZAPP Zine Project.
=900  \\$a015175170
=991  \\$b2022-04-06$cWorldCat record variable field(s) change: 655

