=LDR  00000cam a22005294i 4500
=001  990151803600203941
=008  000524t20002000caua\\\\\bd\\\001\0\eng\\
=010  \\$a   00104906 
=020  \\$a1580631436$q(pbk.)
=020  \\$a9781580631433$q(pbk.)
=035  \\$a(OCoLC)44759963$z(OCoLC)1080325150
=040  \\$aDLC$beng$erda$cDLC$dORX$dDPL$dBAKER$dBTCTA$dYDXCP$dIG#$dSINLB$dDEBBG$dOCLCF$dLTP$dOCLCQ$dOCLCA$dEAU$dOCLCO
=042  \\$apcc
=043  \\$aa-ii---
=050  00$aTX349$b.B5323 2000
=082  00$a641.3/000954/03$221
=084  \\$aLC 17385$2rvk
=100  1\$aBladholm, Linda,$d1957-$eauthor.
=245  14$aThe Indian grocery store demystified /$cLinda Bladholm.
=250  \\$aFirst edition.
=264  \1$aLos Angeles :$bRenaissance Books,$c[2000]
=264  \4$c©2000
=300  \\$ax, 265 pages :$billustrations ;$c23 cm
=336  \\$atext$btxt$2rdacontent
=337  \\$aunmediated$bn$2rdamedia
=338  \\$avolume$bnc$2rdacarrier
=504  \\$aIncludes bibliographical references (pages 254-255) and index.
=505  0\$aRice & rice products -- Breads & flours -- Legumes & dals -- Spices & seasonings -- Spice mixes, powders & pastes -- Aromatics & herbs -- Vegetables -- Fruit -- Canned goods -- Ghee & oils -- Dairy products: the milky way -- Pickles & chutneys -- Snacks -- Sweets -- Tea -- Food for thought: the ayurvedic kitchen -- Bombay bazaar: the rest of the Indian market -- Kitchen equipment -- Indian cooking methods -- Recipes.
=520  \\$a"A food lover's guide to all the best ingredients in the traditional foods of India, Pakistan, and Bangladesh." "With 700 entries and over 200 illustrations, plus traditional stories and personal anecdotes about many of the ingredients unique to Indian cuisine, this guidebook identifies and tells you how to use the vast array of spices, rice, legumes, fruits, vegetables, and prepared foods at over 9,000 Indian grocery stores in America. A bonus section of the author's favorite recipes will help you create delicious, authentic dishes that will satisfy anyone's hunger and sense of adventure."--The publisher.
=500  \\$a"A Take it with you guide"--Cover.
=650  \0$aFood$vDictionaries.
=650  \0$aCooking$vDictionaries.
=650  \7$aCooking.$2fast$0(OCoLC)fst01754966
=650  \7$aFood.$2fast$0(OCoLC)fst00930458
=650  \7$aFührer$2gnd
=650  \7$aLebensmittel$2gnd
=651  \7$aBangladesch$2gnd
=651  \7$aIndien$2gnd
=651  \7$aPakistan$2gnd
=655  \2$aDictionary
=655  \7$adictionaries.$2aat
=655  \7$aDictionaries.$2fast$0(OCoLC)fst01423826
=655  \7$aDictionaries.$2lcgft
=655  \7$aDictionnaires.$2rvmgf
=900  \\$a015180360
=991  \\$b2022-04-06$cWorldCat record variable field(s) change: 655

